1923 3110
915 130 962 165 ‚37

527 243 705 282 admonet
735 246 772 282 iu
806 245 949 281 somnis
977 242 982 294 1
1009 249 1046 280 et
1077 241 1285 280 turbida
1318 246 1433 279 terret
1463 242 1634 290 imago.

178 314 251 352 hoc
283 327 433 366 quoque
464 314 548 352 loco
580 315 747 352 caesuris
777 313 821 351 fit
852 317 895 350 ut
923 311 1105 350 facillime
1136 312 1391 362 percipiamus
1421 309 1539 348 verba
1573 313 1695 356 patris

177 388 358 423 Anchisae
390 398 474 422 eum
505 384 634 422 verbis
665 386 814 421 turbida
846 387 967 430 imayo
999 393 1080 419 esse
1111 379 1388 430 coniungenda.
1451 392 1574 430 neque
1608 391 1691 416 cae-

178 467 268 492 sura
298 456 425 493 minus
455 454 560 492 valet
591 454 688 492 Aen.
722 453 753 500 Ι,
788 454 866 490 712
900 465 980 502 sq.:

403 525 608 576 praecipue
637 522 826 560 infelix
855 518 859 574 Ι
887 523 983 572 pesti
1017 520 1158 558 devota
1188 519 1337 557 futurae

409 593 554 644 expleri
586 598 750 630 mentem
782 593 914 642 nequit
946 590 1185 641 ardescitque
1216 588 1356 627 tuendo

406 662 697 700 Phoenissa
728 667 765 699 et
796 663 938 712 pariter
968 673 1086 712 puero
1118 659 1303 711 donisque
1336 666 1516 696 movetur.

179 746 382 795 genetivus
413 750 451 783 et
481 744 715 782 adiectivum
746 744 1063 796 praemittuntur:

231 825 325 864 Aen.
350 827 440 873 VII,
464 829 545 864 464
1246 824 1338 861 furit
1370 825 1472 861 intus
1505 824 1658 874 aquai

589 895 817 933 fumidus
849 901 966 946 atque
996 895 1073 932 alte
1104 896 1249 945 spumis
1280 893 1466 931 exuberat
1495 894 1663 929 amnis.

293 966 442 1014 Quibus
488 965 663 1003 omnibus
706 965 800 1003 locis
847 978 930 1002 cum
978 978 1021 1001 co
1067 964 1148 1001 solo
1190 964 1312 1013 figura
1358 962 1547 1001 efficiatur
1593 961 1695 1013 quod

177 1034 349 1073 subiecto
389 1037 429 1072 in
473 1036 548 1072 fine
588 1034 748 1072 duarum
792 1036 1065 1072 sententiarum
1108 1035 1230 1083 posito
1261 1046 1336 1069 vox
1371 1032 1499 1083 aliqua
1532 1045 1616 1069 cum
1649 1044 1693 1068 eo

176 1103 443 1154 coniungenda
472 1106 510 1141 in
552 1106 678 1156 priore
719 1103 888 1142 membro
928 1105 1137 1154 praemissa
1180 1109 1261 1145 est,
1308 1102 1395 1138 aliis
1436 1101 1529 1138 locis
1571 1101 1694 1150 figura

175 1172 339 1211 dicenda
383 1179 502 1215 esset,
549 1176 695 1211 etiarnsi
745 1187 950 1224 pronomen
994 1173 1051 1209 vel
1097 1172 1362 1209 attributivum
1406 1185 1481 1208 non
1514 1172 1693 1221 praemit·

177 1247 328 1280 teretur⁴
390 1256 437 1280 ex
467 1244 658 1293 georgicis
689 1256 786 1295 quae
819 1244 1031 1293 comparari
1064 1247 1221 1293 possunt
1254 1243 1335 1278 eius
1375 1241 1524 1290 generis
1567 1241 1695 1277 omnia

174 1324 218 1349 eo
250 1318 396 1349 tantum
428 1326 450 1349 a
482 1326 595 1351 versu
625 1326 673 1351 ex
703 1314 894 1363 georgicis
925 1326 1041 1363 supra
1073 1311 1265 1363 adscripto
1299 1311 1389 1361 (Ill,
1411 1310 1479 1357 ⁸7)
1512 1308 1692 1347 differunt

178 1381 280 1433 quod
311 1382 581 1420 attributivum
613 1382 769 1434 aliquod
802 1384 1051 1434 praemissum
1084 1387 1163 1419 est:

231 1477 268 1513 g.
304 1463 376 1509 ΙΙΙ,
410 1465 490 1502 303
1106 1477 1190 1501 cum
1222 1461 1458 1511 frigidus
1489 1462 1577 1499 olim

519 1535 594 1571 iam
627 1533 730 1571 cadit
761 1539 1006 1585 extremoque
1039 1535 1185 1571 inrorat
1216 1534 1435 1584 aquarius
1466 1545 1577 1569 anno.

301 1602 371 1650 IV,
404 1605 483 1641 419
1158 1617 1234 1654 quo
1266 1603 1461 1654 plurima
1491 1607 1606 1640 vento

522 1675 671 1723 cogitur
700 1675 818 1724 inque
849 1675 954 1710 sinus
986 1673 1129 1711 scindit
1159 1686 1242 1711 sese
1273 1672 1387 1710 unda
1420 1671 1606 1709 reductos.

177 1743 241 1793 qui
274 1755 405 1780 versus
436 1743 513 1781 fere
545 1745 728 1794 repetitus
760 1745 956 1781 invenitur
988 1743 1083 1781 Aen.
1117 1744 1147 1790 Ι,
1182 1745 1281 1780 16οι

976 1813 1114 1863 quibus
1145 1814 1290 1849 omnis
1321 1812 1369 1849 ab
1401 1811 1479 1848 alto

347 1881 538 1932 frangitur
568 1885 684 1934 inque
715 1885 820 1920 sinus
851 1881 991 1920 scindit
1024 1896 1106 1920 sese
1140 1882 1253 1919 unda
1283 1881 1472 1920 reductos.

175 1963 299 2002 neque
343 1951 610 1990 observatione
651 1951 852 2001 indignum
885 1958 966 1993 est,
1011 1951 1111 2003 quod
1163 1950 1396 1988 adiectivum
1444 1951 1691 2001 praemissum

177 2018 338 2057 eundem
369 2022 507 2070 prioris
539 2034 670 2058 versus
703 2021 825 2058 locum
857 2021 971 2058 babet
1005 2034 1116 2073 quem
1158 2022 1281 2072 ipsum
1326 2019 1538 2058 subiectum
1586 2026 1691 2057 tenet

173 2089 338 2126 alterius.

286 2159 406 2196 Paulo
451 2158 606 2196 liberior
650 2162 724 2197 iam
772 2160 865 2197 ordo
910 2161 972 2206 fit,
1024 2162 1078 2197 ita
1123 2168 1249 2197 tamen
1283 2165 1323 2197 ut
1354 2159 1567 2197 subiectum
1599 2163 1685 2209 post

175 2229 335 2266 alterum
369 2224 525 2266 verbum
558 2232 721 2281 positum
753 2232 812 2277 sit,
844 2231 903 2268 bis
935 2231 1108 2268 versibus
1141 2229 1351 2268 Aeneidis:

234 2311 280 2356 V,
315 2313 394 2348 ‘202
427 2324 591 2362 namque
621 2311 773 2349 furens
805 2314 944 2350 animi
973 2313 977 2363 Ι
1007 2312 1098 2350 (lum
1129 2326 1281 2363 proram
1312 2311 1362 2348 ad
1390 2324 1483 2349 saxa
1505 2310 1688 2361 suburget-

425 2383 584 2418 interior
614 2386 805 2433 spatioque
836 2382 938 2420 subit
965 2381 970 2424 Ι
999 2382 1239 2431 Sergestus
1273 2386 1409 2429 iniquo,

212 2449 285 2495 IX,
319 2450 394 2486 521
430 2457 538 2500 parte
568 2451 646 2488 alia
676 2451 918 2490 horrendus
950 2454 1036 2489 visu
1067 2451 1278 2502 quassabat.
1315 2451 1515 2489 Etruscam

431 2521 564 2569 pinum
595 2528 630 2558 et
661 2525 854 2568 fimniferos
881 2520 884 2573 Ι
912 2521 1027 2559 infert
1060 2522 1316 2559 Mezentius
1346 2525 1455 2569 mnis.

214 2588 287 2633 ΧΙ,
321 2589 401 2626 ⁴559
433 2588 566 2638 quales
596 2589 840 2629 Threiciae
872 2604 957 2628 eum
988 2591 1143 2629 flumine
1174 2590 1475 2629 Thermodontis

428 2657 581 2708 pulsant
611 2664 648 2696 et
678 2663 782 2706 pictis
809 2657 813 2712 Ι
840 2659 1034 2698 bellantur
1065 2660 1315 2698 Amazones
1345 2665 1469 2698 armis.

169 2739 304 2776 ceteris
347 2738 440 2776 locis
486 2737 649 2776 audacia
696 2753 740 2777 eo
780 2746 941 2789 augetur
984 2740 1087 2794 quod
1132 2740 1343 2778 subiectum
1385 2739 1421 2780 ἀ.
1454 2753 1488 2780 κ.
1522 2742 1687 2792 positum

169 2806 361 2848 antecedit
390 2807 569 2849 verbum:
