1923 3110
930 125 949 159 Α1

181 240 363 276 ardentem
396 251 463 288 per
493 251 531 276 se
563 243 665 276 stare
697 245 864 289 possunt.
923 239 987 275 illa
1021 239 1069 276 ad
1101 239 1261 277 formam
1295 242 1477 287 attinent,
1520 241 1613 279 haee
1646 237 1693 277 ad

181 307 360 346 colorem.
423 309 605 345 sermonis
637 313 764 346 autem
806 308 1022 346 debilitatio
1059 309 1152 346 mihi
1200 308 1353 347 videtur
1391 322 1492 357 esse,
1535 312 1568 347 si
1611 311 1695 362 quis

179 377 348 428 explieat
379 390 465 414 cum
497 376 632 415 Servio
663 381 782 416 radiis
812 382 944 416 aureis.
1008 391 1132 416 nonne
1163 381 1278 416 etiam
1310 381 1512 429 genetivus
1544 381 1606 431 qui
1640 385 1696 417 est

178 449 266 484 lucis
298 452 376 484 tum
409 460 718 497 supervacaneus
750 448 841 485 est?
902 448 1066 486 similem
1097 448 1326 486 divisionem
1358 448 1676 499 deprehendimus

296 529 392 566 Aen,
425 529 455 575 Ι,
491 531 571 566 648
783 529 926 580 pallam
958 532 1079 579 signis
1111 544 1278 582 auroque
1308 533 1494 580 rigentem

180 621 240 645 res
282 614 406 646 autem
450 609 582 647 eadem
625 610 866 659 significatur
897 618 1011 662 atque
1044 612 1116 658 111,
1150 614 1230 649 483
1259 617 1467 659 picturatas
1497 616 1584 650 auri
1613 615 1697 650 sab-

182 684 336 726 teqmme
368 686 480 717 vestes.
544 679 590 716 ad
624 694 753 729 georg.
787 681 911 718 locum
942 684 1065 731 magis
1097 682 1288 732 quadrant
1320 695 1450 720 versus

293 760 386 798 Aen.
408 760 518 803 VIII,
542 763 622 798 435
657 761 870 813 aegidaque
902 763 1134 809 horrifex-am,
1167 762 1342 800 turbatae
1372 762 1547 800 Palladis
1579 776 1696 810 arma,

661 834 832 869 certatim
855 835 1025 883 squamis
1057 839 1275 884 serpentum
1308 846 1479 884 auroque
1510 832 1695 883 polibant.

294 906 331 937 et
429 900 501 947 IX,
537 901 614 937 707
652 914 722 938 nec
754 901 899 952 duplici
932 916 1092 954 squama
1122 902 1241 940 lorica
1272 902 1399 939 fidelis
1430 908 1467 939 et
1499 915 1603 949 auro,

180 981 317 1033 quibus
364 982 492 1020 verbis
538 996 630 1020 auro
676 990 788 1033 poeta
832 986 898 1020 vix
944 984 1069 1022 dicere
1112 990 1262 1035 poterat
1306 985 1523 1021 firmitatem
1556 984 1698 1022 loricae

183 1054 322 1101 augeri.

238 1121 375 1158 Tertia
404 1121 516 1159 huius
548 1122 695 1171 figurae
726 1122 847 1159 forma
878 1124 1073 1160 invenitur

298 1192 393 1229 Aen.
426 1192 499 1239 ΙΙΙ,
534 1194 614 1229 467
650 1192 807 1229 loricam
840 1199 1052 1229 consertam
1086 1193 1209 1229 hamis
1242 1206 1412 1244 auroque
1443 1193 1606 1231 trilicem

180 1266 217 1297 et
451 1262 497 1307 V,
533 1263 612 1299 259
648 1262 797 1299 levibus
829 1262 891 1298 hic
923 1263 1047 1299 hamis
1079 1268 1292 1300 consertam
1323 1276 1492 1314 auroque
1523 1263 1685 1301 trilicem

651 1332 809 1369 loricam
844 1363 850 1369 .
886 1363 891 1369 .
927 1363 932 1369 .
967 1363 972 1369 .
1006 1332 1135 1369 donat.

184 1413 227 1437 eo
260 1402 359 1437 enim
392 1400 538 1450 figurae
570 1403 715 1451 species
747 1402 868 1440 lenior
899 1402 951 1449 fit,
984 1401 1087 1453 quod
1118 1402 1334 1449 verborum,
1379 1416 1475 1454 quae
1507 1405 1544 1439 in
1586 1416 1703 1440 unum

185 1469 545 1520 comprehendenda
577 1477 675 1518 sunt,
709 1472 870 1509 alterum
904 1473 952 1509 ab
987 1473 1107 1509 altero
1140 1472 1256 1510 verbo
1289 1471 1490 1523 dependet.

299 1539 372 1577 His
403 1554 479 1577 non
512 1540 712 1578 addendus
743 1548 801 1579 est
832 1542 939 1579 locus
972 1541 1156 1579 Aeneidis
1189 1542 1240 1588 ΙΙ,
1277 1545 1354 1580 627

1414 1625 1549 1648 ornum

451 1693 535 1716 cum
567 1680 667 1717 ferro
700 1684 864 1718 occisam
897 1680 1113 1732 crebrisque
1144 1681 1375 1733 bipennibus
1406 1683 1551 1718 instant

452 1762 581 1787 eruere
614 1780 619 1786 .
654 1781 659 1787 .
695 1782 701 1789 .
1320 1795 1326 1802 ,

184 1832 273 1856 nam
304 1821 336 1856 si
369 1821 472 1870 quis,
524 1826 565 1857 ut
590 1819 845 1870 Nordenus-¹)
878 1834 962 1858 cum
995 1821 1150 1858 scholiis
1168 1820 1217 1869 2),
1269 1823 1540 1871 interpretatur
1577 1825 1706 1868 ferreis

186 1892 414 1936 bipennibus,
446 1889 600 1927 ‘ferreis'
641 1891 756 1941 plane
788 1897 909 1927 vacat.
972 1897 1028 1928 est
1070 1893 1196 1941 potius
1242 1893 1465 1940 epexegesis
1512 1891 1572 1928 vel
1617 1904 1706 1941 quo-

187 1972 349 2009 cumque
381 1961 532 1996 nomine
564 1973 784 2011 nuncupare
815 1960 911 1997 velis
944 1960 1068 2011 quod,
1115 1975 1201 1998 eum
1244 1974 1318 1997 uno
1363 1960 1479 1997 verbo
1511 1960 1622 2011 plane
1653 1963 1706 1997 ita

185 2028 396 2065 indicatum
441 2031 510 2075 sit,
555 2036 595 2066 ut
633 2030 728 2066 nihil
771 2030 1026 2077 desideretur,
1070 2031 1189 2067 altero
1222 2030 1338 2067 verbo
1372 2030 1522 2081 planius
1554 2029 1706 2069 dicitur.

188 2098 346 2135 Servius
380 2099 414 2137 h.
450 2100 469 2136 l.
506 2100 755 2147 tautologiam
789 2114 870 2137 esse
903 2100 1006 2138 dicit.
1072 2100 1145 2138 Sed
1169 2114 1244 2137 non
1269 2106 1325 2138 est
1346 2100 1448 2137 idem
1470 2100 1529 2137 bis
1550 2099 1706 2145 dictum,

186 2180 270 2204 cum
306 2182 397 2205 voce
429 2168 621 2205 adiectiva
654 2173 787 2206 crebris
818 2184 893 2206 non
926 2172 1041 2220 priori
1085 2170 1149 2207 sed
1195 2171 1312 2207 altero
1361 2169 1602 2206 substantivo
1644 2168 1708 2205 ad-

186 2235 267 2273 dita
298 2251 438 2275 novum
471 2238 617 2289 aliquid
651 2239 818 2276 accedat.
882 2240 929 2277 de
960 2240 1030 2277 hoc
1063 2242 1101 2276 in
1135 2240 1260 2277 verbis
1293 2238 1571 2288 coniungendis
1594 2237 1705 2275 modo

187 2313 329 2357 postea.

245 2377 357 2414 Alius
388 2378 502 2425 locus,
535 2380 599 2429 qui
630 2379 705 2416 huc
735 2380 907 2426 refertur,
940 2386 995 2417 est

306 2450 581 2496 Aen.IX‚‹303
617 2450 750 2487 durum
784 2466 805 2488 a
836 2454 954 2501 stirpe
985 2466 1105 2499 genus
1137 2457 1248 2488 natos
1280 2450 1326 2487 ad
1360 2449 1517 2487 flumina
1547 2451 1710 2501 primum

617 2520 821 2558 deferimus
854 2535 1047 2572 saevoque.
1079 2521 1167 2571 gelu
1199 2520 1380 2557 duramus
1411 2526 1448 2557 et
1479 2519 1602 2556 undis.

188 2586 236 2624 ad
269 2600 381 2638 quem
430 2588 450 2624 l.
487 2588 645 2626 Servius
676 2590 837 2627 adnotat
869 2595 989 2629 ‘mdis
1020 2590 1157 2638 aelidis*
1189 2598 1220 2627 et
1253 2597 1300 2626 ast
1332 2588 1370 2628 ἓν
1413 2588 1477 2628 διὰ
1521 2588 1629 2628 δυοῖν
1670 2595 1712 2626 ut

193 2659 320 2694 ‘hamis
351 2671 516 2704 auroque
548 2660 718 2696 trilicem'.
782 2660 843 2696 sed
880 2660 1089 2697 notandum
1123 2667 1177 2697 est
1209 2673 1380 2707 saer-oque
1410 2663 1492 2707 {selu
1532 2661 1710 2695 duramus

289 2761 320 2799 l)
350 2759 369 2791 l.
399 2759 419 2792 l.
452 2770 482 2802 p,
515 2762 591 2793 212:

285 2819 322 2861 2)
350 2818 567 2852 selmum-um
596 2819 736 2852 nomine
764 2818 894 2861 indico,
923 2829 1014 2862 quae
1043 2818 1155 2853 Servii
1187 2817 1346 2853 Danielis
1374 2817 1549 2851 nominari
1581 2816 1712 2852 solent.
