1923 3110
878 119 925 153 31

147 231 297 281 glomus
327 244 485 280 cogere,
527 244 650 282 neque
680 231 792 268 aliter
822 229 1108 280 accipiendum,
1154 244 1264 280 quem
1309 230 1431 268 locum
1463 239 1658 282 comparat

146 299 294 350 Henry,
334 304 530 348 qlomerare
575 315 726 337 manum
757 300 885 350 (Verg.
921 300 1017 336 Aen.
1050 299 1102 345 II,
1137 301 1233 348 315)
1274 301 1355 337 sive
1394 304 1546 347 aymz'na
1586 305 1658 348 ylo-

148 383 287 407 merare
319 369 403 420 (IV,
440 371 534 420 155)
551 367 590 420 ¹).
652 382 741 419 ergo
774 368 890 406 verba
920 367 993 405 hoc
1025 367 1178 404 volunt:
1223 371 1419 414 liquefacta
1456 382 1547 406 sama
1579 383 1658 406 cum

147 443 285 487 qemitu
313 444 355 478 in
383 443 503 488 glebas
533 446 673 488 coquat.
735 451 858 489 neque
898 439 1043 483 scirem,
1087 435 1180 487 quid
1221 436 1294 473 sibi
1337 436 1452 474 vellet
1489 451 1569 475 cum
1598 453 1656 486 ye-

147 511 250 554 mitu,
296 510 327 545 si
367 512 564 556 ylomerare
610 506 919 557 coniungendum
967 519 1048 543 esse
1090 512 1259 556 putarem
1308 519 1392 543 euin
1436 506 1562 544 verbis
1592 511 1658 545 sub

148 591 277 624 auras3
317 579 482 627 gemitus
522 578 623 614 enim
665 578 901 627 eruptionem
945 574 1171 612 antecedere
1211 581 1247 612 et
1287 577 1461 612 novimus
1507 582 1543 613 et
1585 576 1659 613 Lu-

148 647 288 683 cretius
319 645 411 684 dicit
443 647 473 693 Ι,
507 648 587 684 722
620 660 675 696 sq.

827 721 863 752 et
894 714 956 751 hic
988 715 1162 751 Aetnaea
1192 715 1386 751 minantur
1411 745 1415 748 .

354 798 546 822 murmura
576 784 811 822 flammarum
846 797 994 821 rursum
1026 797 1065 821 se
1097 783 1279 833 colligere
1310 785 1386 820 iras

350 854 523 892 faucibus
554 862 708 905 eruptos
738 855 873 891 iterum
906 855 963 890 vis
993 860 1033 890 ut
1067 860 1197 890 vomat
1228 854 1339 903 ignis,

144 937 242 975 quae
273 923 453 962 Giussani
487 931 587 962 reete
619 926 890 975 interpretatur
920 923 1068 961 verbis:
1105 937 1171 960 ora
1201 927 1316 960 siamo
1346 926 1453 969 boati,
1486 931 1543 960 tra
1569 937 1659 970 poco

145 1006 283 1030 saremo
314 998 490 1031 erm-ione.
551 997 616 1031 sab
651 1007 765 1031 auras
796 992 843 1029 ad
876 1000 1061 1030 exaestuat
1092 994 1259 1043 pertinet
1291 999 1326 1029 et
1357 995 1476 1038 fando
1509 998 1578 1030 imo
1609 992 1657 1030 ad

144 1065 317 1111 qlomerat
348 1076 500 1114 quoque
540 1061 776 1100 referendum
822 1069 888 1099 est.
950 1060 1083 1099 ordine
1129 1061 1304 1098 similiter
1345 1061 1502 1099 confuso
1546 1069 1660 1113 atque

147 1131 466 1183 deprehendimus
498 1147 533 1170 v.
566 1133 619 1179 ΙΙ,
655 1134 732 1170 204
767 1132 908 1169 factum
941 1145 1032 1176 esse,
1066 1132 1179 1168 verba
1212 1133 1266 1168 sic
1298 1133 1540 1182 interpretari
1573 1146 1659 1183 pos-

147 1214 301 1238 sumus:
347 1201 555 1252 liquefacta
599 1215 693 1239 saxa
737 1215 822 1238 cum
873 1203 1018 1247 gemitu
1059 1200 1271 1250 glomerata
1314 1200 1432 1238 fundo
1478 1203 1552 1238 imo
1593 1215 1656 1239 ex-

150 1276 309 1308 aestuat.

260 1340 371 1377 Alius
414 1341 573 1377 rationis
612 1347 721 1387 sunt,
769 1348 896 1378 tamen
936 1353 1034 1391 quac
1066 1340 1138 1377 huc
1169 1342 1358 1391 pertinere
1390 1340 1521 1387 dicas,
1570 1355 1661 1393 quo-

147 1411 250 1446 niam
301 1410 493 1461 loquimur
537 1409 583 1447 de
627 1410 720 1447 locis
764 1410 902 1462 quibus
954 1417 1103 1461 praeter
1145 1412 1468 1461 exspectationem
1513 1410 1657 1462 aliquid

147 1483 330 1519 insertum
373 1483 433 1528 sit,
475 1481 576 1533 quod
618 1489 850 1533 parataxeos
895 1482 1016 1519 forma
1063 1483 1201 1519 omissa
1246 1495 1319 1519 non
1367 1483 1437 1519 nisi
1489 1482 1661 1533 pluribus

146 1551 274 1589 verbis
303 1553 494 1603 possimus
524 1553 778 1603 interpretari,

262 1623 356 1659 Aen.
389 1621 481 1669 Vll,
513 1624 592 1659 444

330 1691 463 1729 bella
495 1693 567 1728 viri
600 1704 808 1743 pacemque
839 1692 1074 1742 gei-eust),
1107 1693 1193 1742 quis
1223 1691 1360 1729 bella
1392 1691 1624 1741 gerenda.

148 1767 235 1799 sunt
264 1761 400 1798 ultima
431 1761 547 1799 verba
578 1761 701 1799 Turni
734 1761 873 1812 quibus
908 1762 1056 1799 Allecto
1089 1774 1173 1799 eum
1217 1760 1266 1798 ad
1311 1750 1451 1799 bellum
1484 1762 1664 1799 Troianis

147 1830 386 1869 inferendum
428 1831 633 1868 adhortata
663 1830 896 1882 repudiatur.
960 1831 1005 1869 de
1038 1832 1096 1869 his
1127 1831 1255 1869 verbis
1287 1831 1394 1868 multi
1437 1833 1509 1868 viri
1557 1831 1663 1869 docti

148 1900 270 1938 multa
299 1900 619 1952 disputaverunt,
665 1914 823 1952 quorum
857 1901 965 1939 alteri
1009 1901 1284 1948 Heumannus,
1327 1901 1507 1951 Heynius
1546 1901 1664 1939 verba

151 1975 232 2019 quis
261 1975 349 2009 bella
377 1974 538 2019 gerenda
568 1970 756 2021 putabant
788 1970 981 2009 reicienda
1011 1984 1104 2018 esse,
1126 1971 1247 2018 alteri,
1278 1973 1318 2008 in
1341 1971 1479 2022 quibus
1496 1970 1664 2021 Coning-

149 2046 274 2087 tonus,
318 2040 444 2078 locum
488 2047 624 2091 putant
671 2046 712 2077 ut
752 2040 1019 2091 imperfectum
1057 2053 1138 2078 esse
1170 2041 1355 2079 relictum.
1418 2043 1534 2078 immo
1581 2047 1662 2079 arte

149 2111 291 2147 eximia
321 2123 410 2147 usus
443 2109 638 2159 Vergilius
668 2109 770 2147 hunc
802 2123 950 2147 versum
983 2110 1170 2157 confecit3
1202 2110 1348 2148 scilicet
1387 2124 1472 2148 cum
1503 2117 1589 2162 post
1619 2109 1659 2147 id

151 2179 250 2231 quod
282 2187 339 2233 est
371 2183 458 2217 bella
488 2183 558 2218 viri
588 2179 684 2217 nihil
716 2179 974 2218 desideremus
1005 2182 1078 2218 nisi
1117 2187 1253 2228 yerent,
1297 2182 1563 2233 interpositum
1602 2183 1661 2218 in-

149 2254 322 2287 venimus
349 2263 553 2298 pacemque.
607 2264 732 2296 pacem
763 2264 884 2298 {lew-esre
925 2257 1050 2288 autem
1098 2264 1208 2289 nemo
1252 2250 1378 2289 dicere
1422 2257 1549 2302 potest
1587 2252 1659 2288 nisi

247 2404 281 2444 1)
307 2402 507 2446 glomerare
543 2413 563 2436 a
587 2403 736 2447 glomus,
775 2401 818 2437 de
847 2413 916 2446 qua
943 2413 1027 2437 voce
1054 2402 1183 2438 Festus
1224 2403 1290 2437 hoc
1315 2403 1442 2437 habet:
1481 2403 1522 2436 in
1548 2404 1662 2438 sacris

150 2461 346 2495 crustulum
376 2462 470 2506 cybii
491 2462 610 2506 fiyura
636 2467 666 2496 et
700 2463 774 2496 oleo
811 2466 943 2497 coctum
971 2463 1187 2508 appellatur.
1239 2463 1362 2506 itaque
1384 2463 1562 2507 ylomer—
1591 2461 1662 2497 dici

150 2525 271 2564 potest
303 2519 475 2563 quidquid
507 2521 543 2554 in
575 2521 715 2565 glebam
748 2526 909 2556 coactum
936 2526 1000 2565 est,
1034 2527 1073 2556 ut
1100 2522 1204 2556 Lucr.
1234 2522 1258 2564 1,
1287 2523 1354 2556 359
1393 2522 1432 2555 in
1459 2523 1566 2556 lanae
1589 2522 1663 2566 9Ζο-

149 2590 258 2623 mere,·
287 2579 373 2613 l‘lin.
402 2590 434 2613 n.
460 2580 492 2613 h.
521 2580 685 2620 XXXVI,
716 2583 755 2615 13
783 2581 860 2615 lini.

242 2641 279 2683 2)
307 2637 421 2672 futuri
447 2638 617 2682 temporis
644 2637 796 2673 formam
821 2640 858 2674 in
895 2639 996 2674 codd.
1014 2640 1077 2674 FR
1108 2640 1281 2684 scriptam
1307 2644 1433 2675 contra
1447 2639 1659 2685 Mediceum,

151 2698 211 2742 qui
237 2697 346 2732 habet
382 2697 599 2731 conium-tivi
631 2702 767 2743 yet-ant,
803 2698 972 2733 tuendam
1007 2709 1085 2733 esse
1120 2699 1251 2743 probat
1287 2710 1410 2735 versus
1438 2699 1563 2734 similis
1590 2700 1662 2734 Ho-

151 2757 239 2792 meri
275 2757 315 2791 11.
354 2757 414 2798 vl,
452 2758 518 2790 ⁴92
551 2757 694 2800 πόλεμος
733 2757 760 2790 δ’
797 2757 944 2803 ἄνδρεσσι
977 2758 1111 2804 μελήπει
1143 2762 1179 2792 et
1214 2769 1350 2800 sensus,
1394 2758 1488 2801 quod
1528 2757 1661 2792 fortius

157 2815 289 2850 dictum
315 2821 369 2850 est
393 2820 512 2860 ρει-ειη
539 2825 645 2858 quani
667 2820 804 2860 ρον-αφά.
