1923 3110
955 121 1007 158 70

226 234 467 283 parationem
513 232 657 271 fecerit.
719 235 850 286 itaque
901 237 1026 285 pergit
1068 248 1167 272 non:
1211 239 1331 272 eodem
1372 243 1555 284 tempore,
1607 237 1746 289 quibus

227 301 355 340 verbis
406 304 710 341 coniunctionem
762 317 842 342 eum
901 306 1076 355 excipere
1139 310 1314 354 poterat,
1375 305 1464 343 sed:
1503 309 1603 344 haud
1651 321 1749 345 secus

232 375 454 420 Iym'potens,
500 378 627 410 tamen
669 375 850 425 temporis
881 376 1075 411 notionem
1115 387 1190 410 non
1230 374 1344 424 plane
1383 374 1602 424 neglegens,
1645 376 1748 427 quod

231 440 377 479 indicat
422 440 551 479 verbis
594 441 759 481 additis:
808 458 871 482 nec
909 451 1063 490 tempore
1098 448 1243 491 somnior
1287 447 1354 482 mo.
1417 444 1593 482 similiter
1631 444 1748 483 decli-

231 512 338 548 natio
369 511 474 549 facta
504 517 582 550 est:

287 580 361 628 IX,
396 582 474 619 549
508 583 618 633 isque
649 582 712 619 ubi
745 594 785 619 se
815 581 935 618 Turni
968 580 1095 618 media
1126 583 1226 618 inter
1256 582 1362 619 milia
1393 582 1502 630 vidit,

502 651 592 689 hinc
625 654 727 689 acies
759 657 874 702 atque
904 651 994 688 hinc
1026 653 1128 688 acies
1159 651 1310 689 adstare
1340 653 1511 700 Latinas,

500 727 543 759 ut
576 722 667 769 fera,
700 734 797 772 quae
829 720 948 758 densa
979 727 1187 758 venantum
1218 727 1351 773 saepta
1381 736 1519 760 corona

504 797 637 828 contra
667 790 743 828 tela
774 790 869 827 furit
899 803 1059 841 seseque
1090 790 1193 828 haud
1223 793 1352 829 nescia
1382 794 1494 830 morti

510 862 621 898 inicit
652 866 690 897 et
721 860 823 897 saltu
854 874 968 911 supra
999 860 1191 898 venabula
1221 861 1350 908 fertur,

508 929 612 967 haud
644 930 756 968 aliter
785 931 937 968 iuvenis
966 930 1113 968 medios
1144 932 1350 968 moriturus
1381 933 1421 968 in
1449 931 1579 969 hostes

508 1001 627 1036 inruit
659 1004 696 1036 et
728 1030 734 1036 .
769 1030 774 1036 .
809 1030 814 1036 .
848 1029 879 1045 .,

228 1071 292 1108 ubi
325 1073 562 1121 comparatio
594 1073 811 1109 intermissa
855 1059 1000 1118 effecit}
1044 1076 1086 1108 ut
1128 1076 1243 1122 poeta
1276 1073 1374 1109 initii
1407 1073 1618 1110 sententiae
1650 1085 1747 1123 quae

230 1146 287 1178 est
330 1145 432 1188 isque
473 1144 535 1179 nbi
580 1143 688 1192 quasi
727 1141 869 1179 oblitus
901 1147 988 1192 post
1018 1143 1342 1192 comparationem
1373 1147 1587 1179 enarratam
1621 1141 1745 1180 denuo

226 1211 434 1262 inciperet3
480 1214 583 1248 haud
614 1215 718 1249 aliter
747 1216 885 1249 iuvenis
917 1242 922 1248 .
956 1241 962 1249 .
997 1242 1002 1248 .
1038 1241 1044 1248 .
1077 1211 1210 1260 Longe
1253 1210 1358 1248 aliud
1401 1217 1457 1249 est
1508 1224 1632 1262 neque
1671 1211 1746 1249 huc

225 1281 392 1331 pertinet
421 1293 543 1330 genus
575 1281 793 1318 anacoluthi
826 1283 866 1318 in
910 1280 1147 1318 orationibus
1188 1294 1474 1332 nonnumquam
1518 1280 1745 1331 adhibitum,

234 1349 336 1401 quod
382 1352 524 1400 optime
571 1351 782 1401 explicavit
823 1350 981 1388 Norden
1024 1350 1073 1387 ad
1104 1350 1199 1388 Aen.
1244 1351 1313 1397 Vl⁷
1350 1352 1426 1388 119
1462 1351 1511 1401 (p.
1541 1353 1618 1388 150
1665 1353 1747 1402 sq),

227 1421 407 1471 quoniam
438 1421 478 1457 in
511 1432 554 1458 eo
586 1433 726 1469 genere
756 1422 878 1471 ipsius
911 1421 1096 1457 orationis
1127 1422 1318 1457 vivacitas
1361 1426 1399 1458 et
1438 1426 1563 1458 motus
1611 1434 1747 1458 anaco-

222 1489 372 1527 luthum
403 1502 531 1527 secum
561 1490 690 1527 trabit.
750 1492 790 1527 in
822 1490 895 1527 hac
925 1503 1016 1527 vero
1049 1489 1096 1527 de
1139 1490 1370 1527 anacolutho
1417 1489 1746 1541 disputatiuncula

228 1558 354 1596 locum
386 1558 529 1597 habent
559 1572 703 1605 versus,
749 1562 813 1610 qui
846 1573 923 1611 qua
954 1565 1035 1597 arte
1066 1561 1270 1610 compositi
1301 1561 1388 1607 sint,
1419 1562 1645 1610 interpretes
1675 1559 1747 1597 fal-

221 1629 300 1668 lere
330 1629 465 1677 solent,
498 1629 583 1667 Aen
617 1630 664 1678 V,
697 1632 776 1667 512
810 1644 877 1681 sq..
911 1629 1049 1681 quibus
1080 1630 1293 1668 columbam
1326 1631 1400 1668 telo
1431 1630 1622 1668 Mnesthei
1654 1630 1746 1668 libe-

225 1704 348 1737 ratam
380 1705 417 1737 et
448 1701 487 1736 iu
520 1712 645 1738 aerem
678 1700 872 1737 volantem
903 1699 1030 1737 subito
1062 1699 1110 1737 ab
1150 1700 1364 1751 Eurytione
1406 1700 1522 1737 fixam
1562 1713 1646 1738 esse
1685 1699 1745 1738 his

221 1769 348 1807 verbis
379 1775 579 1807 narratur:

499 1845 579 1878 tum
610 1839 778 1891 rapidus
809 1839 1033 1877 iamdudum
1065 1853 1156 1876 arcu
1187 1844 1365 1876 contenta
1394 1844 1530 1890 parato

498 1910 575 1947 tela
608 1915 743 1948 tenens
778 1909 934 1947 fratrem
966 1909 1157 1960 Eurytion
1190 1911 1229 1946 in
1261 1914 1351 1946 vota
1381 1911 1555 1947 vocavit:

496 1982 572 2017 iam
603 1993 725 2018 vacuo
757 1979 835 2018 laet
849 1994 911 2017 am
942 1979 1048 2017 caelo
1079 1979 1298 2029 speculatus
1330 1985 1367 2016 et
1398 1979 1470 2016 alis

496 2049 683 2100 plaudent
695 2062 754 2087 em
787 2051 898 2099 nigra
929 2049 1013 2099 figit
1044 2049 1113 2086 sub
1145 2048 1247 2086 nube
1278 2048 1504 2088 columbam.

226 2123 343 2170 atque
370 2121 411 2156 in
442 2119 502 2156 his
536 2121 656 2169 primo
689 2119 843 2171 quidem
875 2119 1010 2157 obtutu
1032 2118 1190 2157 offendit
1212 2118 1315 2170 quod
1336 2124 1421 2169 post
1443 2119 1561 2157 verba
1582 2126 1660 2157 tum
1679 2133 1743 2157 fra-

227 2192 348 2237 piolus,
370 2203 456 2227 cum
477 2195 742 2240 exspectemus
764 2192 840 2226 iam
863 2189 1077 2227 columbam
1101 2189 1178 2239 figi,
1197 2191 1387 2240 sequitur:
1417 2192 1635 2227 iamdudum
1660 2220 1665 2227 .
1685 2220 1691 2226 .
1712 2220 1719 2227 .
1738 2219 1744 2227 .

226 2264 370 2297 vocavit.
431 2264 560 2297 tamen
591 2259 651 2307 id,
691 2259 794 2311 quod
826 2260 999 2309 Wagner
1030 2261 1249 2297 existimat:
1295 2259 1397 2296 hunc
1436 2258 1561 2296 locum
1593 2273 1615 2296 a
1647 2259 1744 2296 Ver-

237 2329 331 2379 gilio
360 2331 400 2366 in
432 2329 682 2366 emendandis
714 2330 887 2367 relictum
920 2330 1046 2375 fuisse,
1078 2331 1234 2366 minime
1271 2341 1402 2366 verum
1447 2341 1529 2365 esse
1572 2328 1745 2376 arbitror,

223 2402 400 2452 quoniam
443 2415 558 2439 unum
592 2401 763 2452 quidque
810 2403 848 2437 in
888 2401 960 2438 hac
1007 2402 1225 2438 certaminis
1264 2400 1525 2451 descriptione
1574 2402 1745 2438 maxima

222 2475 305 2507 arte
338 2475 376 2508 et
407 2470 610 2520 diligentia
642 2470 855 2521 expolitum
888 2483 971 2507 esse
1001 2475 1127 2520 potest
1159 2469 1420 2507 demonstrari.
1484 2475 1651 2508 attamen
1682 2485 1744 2508 ra-

222 2543 338 2587 pidus
374 2539 608 2578 adiectivum
654 2554 738 2577 cum
784 2539 902 2577 verbo
944 2544 1074 2577 vocar-it
1119 2541 1275 2577 minime
1320 2542 1533 2578 consentire
1574 2539 1746 2590 Wagner

219 2614 322 2646 recte
353 2611 486 2647 sensit:
526 2613 616 2655 velis,
649 2611 784 2660 inquit,
810 2616 956 2656 poetam
986 2623 1089 2647 versu
1120 2616 1189 2646 514
1220 2614 1425 2657 scripsisse:
1456 2614 1621 2656 fratre
1652 2612 1743 2647 Eu-

221 2683 396 2727 rytion
442 2683 496 2716 in
544 2686 658 2716 rota
699 2686 889 2726 vocato,
939 2678 1042 2730 quod
1088 2679 1342 2729 Eurytionem
1388 2685 1537 2730 tempus
1579 2677 1742 2716 vocandi

223 2749 379 2785 omnino
410 2747 549 2785 deficit.
611 2748 677 2786 sed
710 2751 838 2800 potius
868 2762 928 2785 res
960 2749 1053 2786 haec
1087 2754 1164 2786 est:
1215 2754 1328 2799 poeta
1361 2763 1382 2785 a
1412 2748 1540 2786 verbis
1571 2756 1648 2786 tum
1680 2762 1742 2785 ra.—

219 2821 334 2867 Pidus
371 2819 560 2870 incipiens
593 2818 789 2868 cogitabat
835 2822 926 2867 feffl't,
977 2817 1044 2856 sed
1089 2818 1248 2856 Homeri
1289 2817 1558 2870 descriptionis
1600 2830 1744 2859 memor
