1923 3110
897 116 946 152 19

276 227 350 270 III,
386 229 458 264 241
720 230 773 264 sic
805 228 884 265 fatu
918 229 1008 266 1111111
1042 231 1252 280 nigraeque
1287 244 1456 269 sororum

478 299 652 335 iuravere
684 297 802 343 colus,

284 367 358 408 III,
393 369 442 404 67
477 366 543 405 sed
565 368 656 405 mihi
690 369 792 405 iussa
823 367 936 405 deum
971 368 1187 419 placitoque
1218 371 1352 419 ignara
1386 373 1528 408 moveri

474 437 645 487 Atropos
676 442 789 488 atque
821 437 910 474 olim
943 451 1018 475 non
1051 438 1144 475 haec
1178 438 1267 475 data
1300 441 1416 476 ianua
1448 440 1514 477 leti

475 508 647 557 eripuere
679 518 819 543 necem.

162 598 208 623 ex
253 587 428 624 omnibus
470 594 594 625 autem
640 590 882 637 agnoscimus
924 595 1097 638 poetam,
1142 592 1203 640 qui
1250 604 1322 626 11011
1369 599 1443 627 111111
1491 592 1676 640 imagines

159 654 291 693 videat
321 663 386 694 aut
417 659 567 704 sentiat,
601 671 713 708 quam
746 671 805 695 res
836 660 1002 707 cogitet3
1045 667 1159 710 atque
1191 661 1222 696 si
1255 660 1368 698 Statii
1403 660 1505 697 dicta
1536 660 1673 710 Vergi-

158 724 271 762 lianis
303 725 541 773 conferimus⁷
574 727 687 764 facile
719 729 982 777 cognoscimus
1016 736 1198 780 quantum
1231 729 1341 777 absit,
1383 736 1423 767 ut
1455 729 1601 768 Statius
1635 732 1670 767 in

157 793 317 843 figurae,
349 795 396 834 de
428 810 502 847 qua
535 799 692 847 egimus,
724 810 794 834 usu
825 796 1039 847 Vergilium
1072 806 1219 849 aequet.

764 992 965 1042 Caput
996 992 1066 1036 ΙΙ.

184 1101 251 1144 De
282 1103 570 1155 tautologia,
605 1116 721 1158 (111119
755 1105 807 1148 tit
838 1105 884 1146 iu
920 1106 1172 1148 sententiis
1205 1106 1464 1160 copulatis,
1502 1108 1549 1149 et
1581 1106 1637 1148 (le

794 1175 1029 1229 parataxi.

270 1317 364 1356 Cum
397 1321 557 1356 sermoni
593 1322 699 1370 epico
731 1328 861 1370 aptum
895 1322 942 1356 sit
977 1334 1088 1357 unam
1121 1334 1198 1357 rem
1233 1321 1405 1371 pluribus
1450 1322 1668 1359 notionibus

153 1387 341 1438 particula
373 1388 591 1438 copulativa
624 1391 835 1426 coniunctis
867 1392 920 1426 ita
954 1391 1180 1436 significan-0,
1213 1400 1251 1427 ut
1286 1393 1518 1442 saepissime,
1564 1394 1593 1429 si
1629 1394 1665 1428 in

150 1457 364 1507 pedestrem
397 1471 605 1495 sermonem
638 1466 856 1497 convertere
889 1472 1075 1505 conemur,
1116 1474 1244 1497 carum
1278 1463 1473 1498 notionum
1508 1461 1664 1498 alteram

153 1525 201 1563 ab
233 1527 353 1564 altera
397 1527 671 1578 dependentem
717 1530 912 1575 faciamus,
962 1530 1084 1567 similo
1128 1529 1219 1580 quid
1254 1532 1451 1567 sententiis
1483 1532 1575 1567 totis
1606 1544 1665 1568 ac—

151 1595 256 1641 cidit,
289 1597 411 1634 silicet
454 1604 491 1635 ut
533 1611 591 1634 ros
634 1605 738 1645 gesta
784 1612 857 1636 una
899 1599 1041 1649 dupli‹·i
1087 1599 1199 1636 modo
1243 1599 1451 1637 indicetur.
1502 1613 1548 1638 ex
1593 1614 1667 1651 quo

151 1668 267 1704 totius
299 1668 359 1703 vis
391 1675 587 1717 augeatur.

264 1736 394 1788 Atque
439 1739 469 1774 si
511 1739 596 1788 quis
640 1740 677 1774 111
723 1740 893 1775 oratione
935 1738 1109 1775 affectum
1154 1752 1262 1775 snum
1309 1739 1512 1777 ostendens
1550 1753 1662 1777 unam

147 1807 373 1842 sententiam
417 1805 560 1856 duplici
607 1806 717 1843 modo
762 1809 952 1857 exprimit,
994 1806 1200 1844 dummodo
1244 1809 1361 1844 altera
1405 1814 1513 1859 parte
1556 1811 1659 1859 cogi-

150 1876 245 1912 tatio
277 1875 404 1926 aliqua
448 1877 592 1913 ratione
634 1875 782 1914 deflexa
826 1879 897 1922 sit,
944 1877 1038 1914 nihil
1086 1883 1163 1920 ost,
1208 1877 1309 1928 quod
1354 1879 1541 1915 miremur.
1604 1881 1657 1915 sic

154 1945 343 1995 Vergilius
366 1947 536 1983 Aeneam
559 1945 701 1983 crudeli
731 1953 955 1997 tempestate
987 1960 1209 1997 oppressum
1243 1948 1351 1995 fingit
1387 1947 1660 1985 vociferantem

179 2027 276 2063 Aen.
312 2027 354 2074 V,
390 2030 464 2064 691
998 2029 1134 2066 infesto
1168 2028 1327 2066 fulmine
1359 2031 1483 2076 morti,

493 2099 523 2133 si
556 2110 711 2144 mereor,
742 2097 898 2135 demitte
929 2104 1070 2149 tuaque
1102 2098 1163 2135 hie
1195 2098 1310 2135 obrue
1342 2097 1486 2135 dextra.

146 2172 183 2203 et
220 2166 245 2215 Ι,
282 2168 331 2203 72
366 2165 458 2203 facit
490 2167 672 2204 Iunonem
707 2166 828 2204 Aeolo
859 2167 1123 2217 pollicentem:

234 2234 238 2240 ”
490 2250 648 2287 quarum
682 2250 779 2287 quae
810 2237 933 2274 forma
962 2237 1216 2288 pulcherrima
1249 2238 1445 2289 Deiopeia7

491 2306 652 2343 conubio
683 2308 840 2356 iungam
872 2307 998 2345 stabili
1033 2309 1302 2359 propriamque
1335 2307 1471 2345 dicabo
1492 2304 1530 2356 ¹).

244 2444 276 2483 1)
303 2452 432 2486 saepe,
468 2448 506 2477 ut
543 2444 740 2478 orationem
768 2443 889 2487 (lecet,
927 2444 1018 2478 duae
1045 2449 1167 2488 partes
1197 2444 1428 2478 inveniuntur
1454 2443 1571 2478 altera
1609 2444 1659 2477 al-

150 2504 263 2535 teram
291 2501 366 2535 sine
393 2502 641 2537 coniunctione
668 2508 813 2538 secutae
841 2503 936 2538 velut

249 2572 341 2615 VIII,
368 2574 435 2607 362
706 2574 805 2616 haec,
831 2575 958 2618 inquit,
986 2575 1109 2609 limina
1136 2575 1250 2609 vietor

467 2631 611 2666 Alcides
638 2633 758 2675 subiit,
785 2634 873 2668 haec
899 2634 1000 2668 illum
1025 2635 1125 2677 regia
1152 2635 1258 2678 cepit.

320 2691 345 2732 Ι,
373 2693 440 2725 562
467 2691 594 2725 solvite
621 2691 727 2726 corde
753 2697 895 2736 metum,
924 2693 1064 2735 Teucri,
1093 2692 1265 2728 secludite
1293 2704 1397 2727 curas

320 2751 345 2792 1,
373 2752 440 2785 :346
468 2760 571 2793 quem
597 2750 627 2784 si
654 2749 732 2784 fata
758 2751 871 2785 virum
899 2760 1055 2796 servant,
1082 2752 1112 2787 si
1138 2752 1294 2787 vescitur
1319 2762 1409 2786 aura

467 2809 627 2842 aetheria
655 2819 717 2841 nec
745 2809 860 2842 adhuc
888 2811 1092 2844 crudelibus
1120 2811 1269 2845 occubat
1297 2811 1443 2844 umbris.

1325 2874 1345 2899 .)
1362 2870 1383 2890 11(
