1923 3110
992 119 1042 154 28

254 228 311 264 ita
344 234 597 278 comparatus,
628 235 669 266 ut
701 229 815 280 plane
845 238 1028 282 appareat
1060 246 1135 270 reni
1171 241 1340 283 tempore
1372 235 1534 285 priorem
1568 239 1778 287 posteriore

255 295 338 333 loco
378 299 541 347 positam
585 311 688 341 esse,
735 312 858 351 neque
900 307 976 338 tam
1020 313 1136 352 saepe
1182 316 1297 353 quam
1339 302 1441 354 apud
1473 302 1689 355 Vergilium
1719 306 1774 354 fit,

252 371 295 403 ut,
315 369 532 417 appositum
553 369 601 405 sit
625 367 737 420 quod,
770 371 800 406 si
823 373 1052 408 sententiam
1075 379 1302 421 spectamus,
1326 375 1537 412 sententiae
1562 377 1767 426 primariae

254 435 464 473 subiectum
497 439 557 485 sit,
589 438 695 476 velut
727 445 812 477 met.
846 440 920 487 ΙΙΙ,
955 444 1035 477 3615

781 530 925 560 tantum
958 524 1053 562 haec
1082 526 1123 562 in
1154 525 1229 563 fine
1261 525 1442 577 loquendi

485 595 694 643 ingeminat
727 609 841 633 voces
873 595 1082 647 auditaque
1114 598 1231 635 verba
1263 605 1442 649 reportat.

409 675 478 723 (=
513 677 552 713 in
583 677 658 713 fine
691 689 804 714 voces
836 679 1047 726 ingeminat
1079 678 1213 716 audita
1244 679 1362 717 verba
1394 683 1609 732 reportans)

311 755 423 803 XIV,
459 760 539 793 544
572 771 736 808 aeraque
769 764 805 795 et
836 759 1024 797 tumidum
1057 761 1196 798 subitis
1229 762 1476 800 concursibus
1507 775 1650 814 aequor

567 828 721 865 Astraei
753 827 909 866 turbant
941 836 978 867 et
1009 836 1101 868 eunt
1131 832 1170 868 in
1203 831 1347 881 proelia
1379 831 1525 870 tratres.

253 896 322 944 (ε
357 896 509 933 turbant
551 898 590 934 in
635 898 782 948 proelia
827 900 986 948 euntes).
1049 901 1142 938 haec
1183 900 1339 938 tandem
1382 901 1495 952 paulo
1537 904 1692 953 propius
1724 903 1772 942 ad

253 965 542 1016 hysterologiae
573 967 733 1005 formam
767 968 972 1007 accedunt:

252 1073 256 1077 .
312 1047 419 1093 VIII,
456 1050 534 1085 252
1341 1066 1528 1105 avemque

565 1119 734 1157 reddidit
766 1127 803 1158 et
834 1121 959 1159 medio
994 1122 1138 1159 velavit
1169 1125 1207 1159 in
1241 1136 1328 1160 aere
1359 1125 1505 1174 pennis,

251 1199 329 1236 scil.
363 1212 447 1237 eum
480 1203 618 1252 pennis
650 1202 795 1240 velavit
826 1209 864 1240 et,
895 1205 947 1240 sic
981 1217 1089 1241 avem
1121 1203 1292 1241 reddidit
1311 1203 1348 1254 ¹).

252 1294 256 1299 ·
308 1280 399 1328 XV,
433 1284 513 1318 415
546 1284 710 1320 vertitur
740 1285 779 1320 in
812 1283 959 1335 lapides
992 1292 1027 1322 et
1061 1286 1237 1335 congelat
1270 1299 1356 1323 acre
1388 1292 1502 1333 tacto,

438 1353 517 1389 556
551 1365 699 1390 sumere
729 1367 819 1390 mox
852 1354 1017 1392 hominis
1050 1362 1248 1405 terraeque
1281 1357 1456 1393 amittere
1486 1356 1659 1394 formam.

432 1423 512 1458 743
674 1430 711 1459 et
742 1423 853 1461 finem
886 1426 1013 1475 specie
1046 1425 1209 1462 caeleste
1242 1431 1436 1476 resumpta

551 1491 718 1529 luctibus
748 1494 931 1544 imposuit
964 1496 1146 1546 venitque
1178 1494 1356 1532 salutifer
1385 1494 1482 1542 urbi,

252 1584 368 1608 causa
400 1572 641 1610 subnectitur
672 1574 743 1620 XI,
777 1577 883 1612 472:

979 1662 1140 1694 renovat
1172 1657 1370 1708 lectusque
1401 1657 1584 1708 locusque

477 1724 679 1775 Alcyonae
710 1726 889 1763 lacrimas
920 1733 967 1774 et,
1002 1740 1099 1778 quac
1130 1740 1229 1777 pars,
1262 1726 1452 1774 admonet,
1484 1725 1596 1765 absit.

248 1818 446 1855 nusquam,
478 1806 580 1857 quod
603 1809 731 1853 sciam,
764 1808 911 1859 aliquid
935 1810 1058 1846 simile
1091 1815 1215 1846 exstat
1240 1809 1475 1859 Vergiliani:
1509 1813 1710 1846 moriamur
1740 1815 1773 1846 et

250 1878 287 1911 in
320 1878 439 1912 media
471 1891 575 1913 arma
610 1892 770 1915 ruamus.
834 1879 869 1915 V
885 1879 1041 1916 alerii
1087 1892 1134 1916 ne
1178 1893 1292 1916 unum
1336 1878 1491 1929 quidem
1532 1879 1657 1916 locum
1698 1878 1772 1915 huc

250 1943 388 1982 referre
419 1958 638 1995 possumus3
671 1960 719 1984 ex
751 1948 934 1985 Statio
969 1962 1083 1986 unum
1115 1948 1159 1994 V,
1194 1949 1297 1985 494:

1141 2043 1241 2080 vaga
1274 2030 1385 2066 litore
1416 2028 1547 2066 furtim

538 2100 762 2137 incomitata
793 2113 932 2151 sequor
963 2100 1190 2151 funestaque
1222 2101 1371 2137 moenia
1401 2099 1545 2149 linquo.

362 2178 457 2216 Cum
489 2179 561 2217 hoc
604 2187 832 2232 parataxeos
876 2196 947 2219 usu
999 2181 1102 2232 apud
1135 2181 1350 2230 Vergilium
1398 2180 1637 2231 frequentato
1689 2184 1770 2216 arte

251 2249 453 2286 cohaerere
485 2250 648 2297 videtur,
696 2251 799 2302 quod
830 2265 905 2289 non
937 2265 1145 2302 numquam
1178 2251 1348 2297 verbum,
1395 2249 1498 2300 quod
1539 2262 1624 2286 cum
1656 2248 1772 2286 verbo

249 2318 357 2355 finito
390 2319 510 2356 altero
554 2321 865 2370 coniungendum
907 2328 985 2367 est,
1030 2323 1146 2372 priori
1191 2320 1364 2358 additum
1413 2326 1489 2367 est,
1539 2325 1581 2356 ut
1624 2320 1770 2370 species

250 2388 468 2425 anacolutlii
512 2389 638 2439 fiat2).
700 2392 808 2427 cuius
851 2393 902 2428 rei
953 2391 1098 2428 clarum
1137 2390 1352 2441 exemplum
1395 2388 1584 2426 indicavit
1614 2388 1657 2425 F.
1691 2389 1770 2426 Leo

246 2458 284 2493 in
338 2457 591 2495 relationibus
634 2458 808 2510 Gotting.
859 2462 949 2497 anni
1006 2461 1112 2497 1898
1163 2474 1197 2510 p.
1233 2461 1324 2497 476.
1380 2464 1435 2496 est
1487 2471 1621 2495 versus
1668 2458 1763 2495 Aen.

254 2527 365 2575 VIII,
400 2532 451 2567 S?
485 2536 519 2567 et
552 2544 585 2581 q.
620 2544 678 2568 s.:

347 2694 378 2736 l)
407 2693 523 2726 verbis
560 2704 651 2736 quae
685 2700 766 2728 sunt
807 2694 920 2728 medio
956 2695 993 2728 *in
1031 2705 1111 2729 aere
1143 2694 1208 2728 ἀπὸ
1245 2696 1356 2727 κοινοῦ
1391 2691 1520 2736 positis
1560 2689 1630 2724 duo
1659 2690 1767 2724 verba

252 2751 350 2785 finita
381 2751 455 2785 soil.
488 2763 583 2785 arem
612 2753 768 2786 reddidit
795 2759 829 2787 et
859 2755 985 2787 relar‘it
1013 2754 1046 2787 in
1075 2764 1181 2787 uuum
1210 2753 1485 2793 coniunguntur.

350 2812 386 2849 2)
414 2810 493 2845 vide
521 2810 665 2845 Norden
695 2823 726 2856 p.
756 2815 833 2846 372.
