1923 3110
939 119 989 153 22

322 235 395 282 IX,
429 236 479 272 33
514 234 575 271 hic
607 233 774 271 subitam
806 235 917 282 nigro
949 232 1152 283 glomerari
1186 233 1340 283 pulvere
1371 232 1511 270 nubem

514 304 751 354 prospiciunt
782 302 922 340 Teucri
954 316 996 340 ac
1030 301 1206 340 tenebras
1238 303 1433 351 insurgere
1464 304 1618 353 campis.

204 386 263 423 vel
294 388 333 423 in
365 385 525 423 telorum
557 384 830 434 descriptione:

349 478 421 518 XI.
456 480 533 515 601
1005 485 1082 513 tum
1114 475 1191 512 late
1222 476 1366 512 ferreus
1398 475 1518 513 hastis

561 548 689 586 horret
720 560 810 598 ager
841 547 1042 597 campique
1073 546 1187 581 armis
1218 544 1444 583 sublimibus
1475 545 1618 584 ardent.

329 618 424 663 XII,
459 620 538 655 283
1000 616 1030 651 it
1061 619 1140 651 toto
1173 613 1328 651 turbida
1358 615 1464 652 caelo

560 692 766 737 tempestas
800 685 962 722 telorum
994 697 1039 721 ae
1070 684 1216 721 ferreus
1246 686 1392 733 ingruit
1427 686 1557 724 imber.

204 782 327 820 neque
358 769 474 806 aliam
507 781 663 805 causam
695 779 777 804 esse
808 765 923 810 dices,
956 779 1023 803 cur
1043 766 1202 803 Homeri
1234 768 1438 816 imaginem
1472 767 1531 818 (Il.
1554 768 1628 815 ΙΙΙ,
1662 766 1704 822 3)

378 849 473 907 ἠΰτε
506 865 578 904 περ
610 850 770 904 κλαγγὴ
801 851 979 902 γεράνων
1011 849 1122 889 πέλει
1155 846 1346 903 οὐρανόθι
1378 853 1466 904 πρό,

379 919 425 961 αἶ’
452 920 485 960 τἓ
519 918 603 960 ἐπεὶ
634 917 700 960 οὖν
731 926 914 974 χειμῶνα
949 921 1072 972 φὺγον
1104 921 1173 959 καὶ
1206 918 1440 975 ἀθέσφατον
1473 919 1622 975 ὄμβρον

380 991 540 1045 κλαγγῇ
575 992 639 1030 ταί
670 1004 714 1041 γε
747 992 931 1029 πέτονται
964 987 1024 1029 ὲνῖ
1057 986 1266 1030 Ὠκεανοῖο
1300 986 1432 1044 ῥοάων
1465 1022 1472 1030 .

206 1075 264 1111 his
297 1073 424 1112 verbis
455 1075 626 1110 imitatus
657 1074 725 1109 sit:

231 1169 329 1206 Aen.
363 1167 412 1215 X,
449 1169 528 1205 264
1079 1166 1211 1216 quales
1241 1166 1312 1203 sub
1343 1166 1509 1204 nubibus
1540 1169 1633 1205 atris

529 1238 773 1288 Strymoniae
804 1235 899 1273 dant
929 1238 1040 1285 signa
1070 1248 1184 1285 grues
1215 1242 1330 1287 atque
1361 1236 1515 1274 aethera
1538 1242 1694 1275 tranant

534 1321 632 1345 cum
664 1308 821 1344 sonitu
852 1305 1081 1356 fugiuntque
1113 1311 1224 1342 notos
1257 1305 1458 1343 clamore
1490 1307 1693 1345 secundo

200 1404 244 1430 eo
285 1392 386 1429 enim
419 1389 615 1439 Vergilius
646 1390 854 1438 imaginem
888 1387 936 1425 ab
969 1387 1139 1424 Homero
1171 1387 1396 1425 translatam
1427 1388 1587 1439 perfecit
1619 1388 1722 1440 quod

199 1463 353 1499 tertium
386 1460 682 1511 comparationis
714 1458 918 1496 clamorem
950 1470 1032 1494 esse
1064 1457 1171 1494 nulla
1202 1464 1310 1508 parte
1342 1471 1411 1495 nos
1443 1458 1536 1496 facit
1567 1458 1720 1497 oblitos.

200 1537 242 1569 ut
272 1531 343 1568 hoc
383 1536 511 1568 autem
543 1530 623 1567 fieri
664 1534 813 1579 posset,
859 1541 956 1579 quae
1001 1527 1168 1578 pedestri
1202 1540 1372 1565 sermone
1404 1528 1480 1565 alia
1513 1528 1600 1566 aliis
1631 1528 1719 1567 sub-

200 1600 394 1651 iungenda
436 1605 584 1646 essent,
626 1598 731 1636 velut
773 1600 1002 1647 Strymoniae
1044 1601 1136 1635 dant
1178 1602 1285 1646 sigma
1328 1612 1436 1646 grues
1466 1602 1613 1636 aethera
1642 1606 1721 1637 tra-

200 1678 328 1709 nantes
359 1685 438 1708 cnm
468 1674 632 1718 fugiunt.
665 1682 741 1705 uno
773 1667 907 1705 ordine
939 1669 1150 1706 coniunxit.

318 1754 361 1790 In
393 1751 607 1803 Georgicis,
642 1750 741 1802 quod
773 1751 886 1801 plane
919 1751 1297 1801 comparari-possit,
1330 1750 1426 1787 nihil
1457 1752 1598 1789 inveni.
1632 1764 1722 1791 sane

200 1836 328 1873 georg.
362 1823 384 1860 l.
418 1822 446 1869 Ι,
478 1837 515 1870 v,
550 1823 629 1859 208

433 1903 530 1941 libra
562 1900 636 1940 die*
655 1904 854 1953 somnique
886 1914 998 1952 pares
1029 1901 1095 1938 ubi
1127 1901 1259 1938 fecerit
1290 1901 1403 1938 horas

429 1980 464 2010 et
498 1971 665 2010 medium
696 1972 773 2009 luci
807 1977 921 2022 atque
954 1970 1098 2008 umbris
1130 1972 1205 2007 iam
1238 1969 1379 2008 dividit
1411 1970 1551 2019 orbem,

200 2070 275 2094 una
323 2069 383 2093 res
426 2055 570 2105 duplici
618 2053 730 2091 modo
777 2053 993 2100 indicatur,
1045 2052 1110 2090 sed
1151 2065 1339 2103 nusquam
1384 2051 1486 2090 idem
1517 2066 1608 2091 usus
1640 2056 1721 2092 eius

199 2125 377 2163 dictionis
421 2132 475 2162 est
524 2131 637 2176 atque
683 2127 721 2161 in
757 2123 948 2171 Aenei‹le;
993 2125 1170 2160 nimirum
1212 2124 1391 2159 carminis
1446 2122 1590 2161 heroici
1633 2123 1720 2162 stilo

199 2194 318 2232 multo
350 2196 476 2245 aptior
507 2200 571 2232 est.

314 2276 418 2314 Inter
449 2282 595 2314 ceteros
627 2282 759 2326 poetas
790 2277 917 2325 epicos
950 2274 1025 2312 tere
1054 2288 1151 2311 unus
1170 2274 1201 2310 L
1213 2275 1431 2315 ueretius.
1465 2275 1570 2311 cuius
1602 2274 1721 2311 abun-

199 2345 369 2384 danti-am
417 2346 611 2397 quandam
652 2345 853 2383 verborum
904 2346 979 2381 iam
1027 2350 1156 2381 notam
1204 2343 1409 2389 habemus,
1456 2342 1558 2381 idem
1599 2357 1720 2394 genus

200 2418 460 2453 exornationis
492 2415 619 2461 habet,
651 2415 717 2452 sed
749 2428 793 2452 ρο
825 2416 879 2451 ita
911 2427 1002 2451 usus
1037 2420 1103 2459 est,
1136 2420 1175 2450 ut
1210 2427 1256 2450 ex
1290 2414 1518 2463 repetitione
1549 2413 1718 2452 eiusdem

198 2487 409 2523 sententiae
453 2485 537 2522 aliis
589 2485 735 2522 scilicet
786 2484 912 2522 verbis
964 2483 1065 2520 facta
1119 2484 1342 2533 plerumque
1393 2485 1481 2520 sicci
1535 2485 1720 2522 sermonis

199 2556 307 2605 quasi
338 2556 517 2604 effugium
551 2557 706 2605 petiisse
738 2553 940 2591 videatur:

264 2649 373 2686 Luc-r.
408 2648 453 2689 V,
489 2652 566 2685 *33⁴5
601 2654 769 2699 tempore
801 2651 890 2686 item
927 2653 1027 2686 certo
1058 2660 1205 2684 roseam
1237 2652 1373 2684 natura
1405 2660 1471 2697 per
1501 2661 1586 2685 oras

593 2718 759 2755 aetheris
785 2720 969 2754 ‘auroram
1002 2716 1129 2754 differt
1162 2722 1199 2754 et
1229 2716 1374 2753 lumina
1405 2716 1549 2767 pandit.

373 2786 441 2826 VI.
477 2789 556 2823 878
765 2787 931 2825 exsolvit
963 2786 1124 2835 glaciem
1158 2785 1354 2837 nodosque
1385 2785 1541 2826 relaxat.
