1923 3110
992 136 1042 173 48

260 255 347 298 sides
392 254 641 297 Dnmmmth
685 257 872 297 patescunt
924 254 1091 289 insidias.
1161 251 1220 288 Ne
1265 251 1383 288 multa
1428 251 1543 296 rerba
1583 252 1629 291 de
1672 252 1779 290 falsis

260 321 581 372 exl‘ilicationibus
621 322 872 370 interpretum
912 320 1170 370 profundam,
1213 322 1285 357 iam
1327 320 1421 371 quid
1467 323 1626 360 sentiam
1668 322 1778 370 dic03

259 391 405 428 scilieet
436 392 657 440 genetivum
690 392 868 427 Danaum
899 403 974 427 non
1007 389 1127 427 solum
1161 388 1207 426 de
1239 402 1333 426 voce
1367 393 1522 427 insidiae
1553 390 1780 441 dependere,

258 460 324 498 sed
357 462 471 498 etiam
505 459 551 496 ad
585 459 703 497 verba
734 458 782 497 de
814 459 952 510 quibus
983 466 1059 496 tam
1093 458 1214 496 multa
1235 457 1519 509 disputavimus
1540 459 1778 498 referendum

259 544 351 577 esse,
392 537 433 567 ut
474 531 663 568 sententia
701 529 792 566 fiat:
838 536 915 566 tum
949 542 1039 565 vero
1072 528 1273 565 manifesta
1304 527 1399 566 fides
1416 527 1442 580 ¹)
1477 530 1672 578 Danaum3
1713 543 1779 580 pa-

258 607 409 638 tescunt
451 613 576 638 eorum
621 598 793 636 insidiae.
857 612 947 647 ergo
997 598 1148 635 Aeneas
1198 598 1269 635 hoc
1315 605 1464 636 narrat:
1510 612 1554 637 eo
1595 602 1778 650 temporis

253 676 394 722 puncto
426 684 510 708 cum
543 669 589 707 de
620 683 765 706 summo
799 675 899 705 tecto
932 668 1174 718 specularer,
1205 670 1366 716 cognovi
1401 682 1515 719 quam
1539 669 1694 720 perfidis
1717 671 1774 706 in-

257 740 367 778 sidiis
408 754 430 776 a
462 739 622 777 Graecis
663 740 765 788 capti
803 751 983 775 essemus.
1045 737 1165 775 altera
1205 744 1330 775 autem
1371 752 1478 789 pars:
1532 742 1780 787 Danaumque

251 817 443 858 patescant
486 813 665 848 insidiae,
713 820 816 845 more
860 820 971 858 quem
1012 809 1190 844 novimus
1221 807 1489 857 Vergilianum
1529 821 1611 846 esse
1644 808 1780 846 addita

257 886 324 927 est,
357 888 395 917 ut
430 879 708 917 demonstretur
743 890 839 929 quae
871 879 919 914 sit
953 891 997 915 ea
1028 876 1122 914 fides
1154 878 1332 915 Danaum
1364 880 1440 915 iam
1472 878 1684 917 manifesta.

376 950 416 986 ln
464 949 695 986 accusativis
741 961 825 984 cum
878 947 1082 984 infinitivis
1131 949 1345 984 coniunctis
1392 950 1497 985 notio
1544 948 1778 986 adverbialis

258 1020 365 1057 alteri
399 1019 515 1056 verbo
548 1017 699 1055 adiecta
732 1018 846 1054 etiam
879 1015 928 1053 ud
960 1015 1189 1054 antecedens
1212 1016 1440 1055 retrahenda
1463 1024 1519 1055 est
1541 1018 1655 1062 VIII,
1675 1020 1778 1056 397:

427 1109 508 1140 tum
543 1114 692 1153 quoque
722 1101 781 1137 fas
813 1100 924 1137 uobis
953 1101 1123 1137 Teucros
1155 1114 1302 1137 armare
1333 1100 1469 1138 fnisset-

431 1185 499 1210 nec
531 1177 640 1222 pater
672 1172 912 1220 omnipotens
944 1170 1101 1207 Troiam
1134 1183 1204 1207 nec
1235 1171 1317 1207 fata
1350 1169 1533 1207 vetabant

430 1248 531 1280 stare
563 1239 620 1279 de
633 1254 652 1278 c
663 1254 727 1278 em
742 1253 814 1291 que
848 1254 868 1276 a
880 1240 891 1276 l
905 1241 914 1275 i
929 1254 950 1276 o
963 1255 980 1277 s
1012 1240 1208 1276 Priamum
1241 1253 1436 1290 superesse
1468 1254 1492 1291 p
1506 1252 1526 1277 e
1537 1254 1555 1276 1·
1587 1253 1609 1276 a
1622 1254 1645 1276 n
1658 1253 1683 1276 n
1696 1253 1718 1277 o
1732 1253 1758 1276 s.

256 1331 296 1365 in
331 1325 468 1378 quibus
501 1325 595 1362 ordo
627 1331 705 1362 est:
749 1337 817 1361 nec
860 1329 969 1374 pater
1012 1325 1255 1373 omnipotens
1286 1336 1355 1360 uec
1385 1323 1466 1360 fata
1498 1322 1681 1361 vetabant
1712 1336 1780 1373 per

258 1397 354 1434 alios
370 1397 399 1446 ²)
447 1395 577 1433 decem
621 1407 741 1431 annos
782 1393 940 1430 Troiam
984 1400 1084 1429 stare
1128 1400 1165 1429 et
1209 1393 1405 1429 Priamum
1445 1405 1652 1443 superesse.
1712 1391 1779 1429 sed

264 1476 346 1507 arte
388 1482 457 1506 sua
497 1467 593 1504 duas
635 1468 845 1504 sententiae
887 1472 1016 1516 partes
1055 1478 1201 1503 conexu
1245 1465 1446 1502 verborum
1490 1467 1544 1502 ita
1583 1467 1623 1502 in
1666 1469 1780 1502 unum

259 1538 470 1585 contundit,
512 1544 552 1575 ut
592 1535 734 1574 evadat
765 1537 982 1573 coniunctio
1014 1535 1158 1572 Priami
1192 1544 1227 1572 et
1260 1535 1403 1572 'hei-ae
1435 1548 1483 1572 ex
1513 1535 1683 1572 Homero
1713 1548 1780 1572 no-

256 1612 408 1647 tissima
435 1605 560 1653 Ἴλιος
592 1604 657 1660 ἱρὴ
689 1607 759 1645 καὶ
791 1604 990 1659 Πρίαμος.

286 1672 288 1675 ’
373 1678 561 1716 Videmus
593 1679 712 1727 igitur
744 1676 959 1725 Vergilium
993 1674 1245 1712 collocatione
1277 1674 1478 1712 verborum
1511 1687 1607 1726 quae
1638 1674 1780 1712 dicitur

257 1748 336 1790 ἀπὸ
368 1753 501 1789 κοινοῦ
534 1754 574 1784 nt
607 1746 768 1784 artificio
801 1747 867 1792 uti,
900 1747 938 1782 in
971 1744 1145 1782 Aeneide
1177 1744 1330 1795 quidem
1363 1744 1494 1781 multis
1524 1744 1618 1782 locis
1649 1746 1779 1795 eisque

258 1820 554 1870 diligentissima
586 1817 902 1867 interpretatione
935 1815 1076 1865 dignis.
1139 1816 1178 1851 in
1211 1815 1354 1864 ecl‹‘›gis
1378 1822 1414 1852 et
1445 1816 1634 1865 georgicis
1655 1814 1779 1851 simile

257 1890 458 1928 artificium
501 1888 641 1925 frustra
688 1899 870 1937 quaeres,
918 1887 1059 1936 quippe
1105 1884 1206 1935 quod
1254 1898 1337 1921 cum
1384 1884 1518 1922 altiore
1561 1898 1653 1922 sono
1699 1884 1780 1920 stili

257 1961 399 1998 heroici
453 1959 639 1996 cohaeret.
710 1963 823 2007 atque
869 1968 966 2007 quae
1015 1956 1053 1991 in
1102 1967 1190 2002 geo
1206 1956 1369 2003 rgicis
1412 1956 1661 1991 inveniuntur
1705 1954 1778 1991 huc

257 2031 500 2082 pertinentia,
541 2041 669 2066 eorum
702 2029 799 2063 ratio
831 2026 952 2063 multo
984 2031 1038 2062 est
1081 2024 1301 2074 simplicior.
1365 2026 1625 2061 accusativum
1667 2021 1704 2063 ἀ.
1737 2025 1778 2063 ’κζ

257 2108 357 2139 stare
397 2099 520 2146 dieas,
564 2110 795 2150 quamquam
842 2097 1090 2146 participium
1123 2097 1155 2132 ei
1201 2100 1285 2144 post
1318 2094 1480 2131 alterum
1522 2094 1678 2132 verbum
1712 2093 1778 2131 ad—v

258 2170 381 2208 ditum
414 2171 579 2220 speciem
611 2168 724 2205 huius
754 2167 899 2215 figurae
930 2165 1139 2202 faciliorem
1173 2163 1313 2210 reddit,
1345 2177 1476 2214 georg.
1512 2164 1541 2212 I,
1575 2166 1649 2202 91:

432 2264 497 2289 seu
530 2249 642 2287 durat
672 2250 795 2298 magis
827 2254 863 2285 et
894 2261 989 2285 ven
1005 2262 1058 2285 as
1090 2246 1296 2295 adstringit
1330 2247 1549 2284 hiantis.

263 2335 417 2373 dativus
449 2334 609 2372 duorum
642 2333 843 2370 verborum
878 2332 986 2369 alteri
1020 2333 1251 2382 praemissus
1282 2337 1365 2369 est:

358 2486 390 2527 1)
423 2483 608 2529 perfidiam
645 2485 806 2518 Danaum
848 2483 1004 2518 ostendit
1044 2483 1166 2518 eodem
1206 2482 1333 2525 modo,
1379 2493 1446 2525 quo
1487 2480 1639 2515 Romani
1674 2480 1776 2524 fidem

270 2546 442 2580 Graecam
471 2543 604 2578 dieunt.
1771 2586 1774 2588 ς

357 2608 393 2647 2)
421 2604 513 2637 alios
540 2614 603 2646 pro
631 2604 770 2645 alteros,
799 2602 893 2646 quod
919 2603 954 2636 in
982 2613 1087 2637 versu
1114 2601 1257 2636 heroico
1285 2601 1382 2635 nullo
1408 2600 1512 2635 modo
1532 2604 1629 2634 stare
1648 2603 1778 2643 potest,

261 2662 416 2708 positum
453 2674 521 2696 non
558 2663 672 2696 solum
708 2661 804 2706 apud
840 2665 986 2706 poetas,
1028 2661 1090 2696 sed
1119 2661 1226 2695 etiam
1253 2661 1288 2694 in
1317 2659 1478 2705 pedestri
1504 2670 1666 2694 sermone
1693 2669 1778 2692 non-

260 2732 452 2765 numquam
489 2722 677 2756 invenitur.
731 2722 775 2756 cf.
805 2722 909 2756 Thes.
938 2721 960 2755 1.
990 2722 1009 2755 l.
1039 2733 1070 2765 p.
1104 2723 1203 2755 1648.
1256 2719 1320 2754 sed
1360 2720 1416 2754 hic
1456 2719 1555 2753 locus
1592 2730 1613 2753 a
1649 2718 1778 2753 ceteris

267 2780 420 2824 Vergilii
446 2780 553 2824 paulo
582 2779 774 2823 discrepat,
805 2780 898 2823 quod
926 2791 944 2814 a
961 2780 1064 2813 lius
1093 2779 1306 2813 adiectivu‘m
1333 2789 1402 2812 non
1430 2788 1508 2811 eum
1534 2777 1674 2810 nomine
1701 2779 1781 2823 pr'o-

263 2840 341 2884 prio
369 2839 594 2872 coninlwtnm
624 2845 687 2872 est.
