1923 3110
859 160 909 197 65

235 276 288 322 II,
323 277 402 313 312
695 275 912 324 pariterque
943 274 1146 323 animaque
1177 275 1346 324 rotisque

444 344 602 395 expulit.

123 415 285 453 multum
317 413 435 461 abest,
466 419 507 451 ut
539 426 594 459 ea,
625 424 724 463 quae
755 424 803 448 ex
827 411 982 448 Valerio
1014 417 1051 449 et
1083 410 1207 448 Statio
1230 414 1441 462 comparari
1470 418 1638 464 possunt,

122 484 323 522 audaciam
366 482 602 521 Ovidianam
654 486 817 532 aequent
868 480 928 529 (cf.
962 481 1040 519 Leo
1092 481 1112 518 l.
1147 495 1173 518 s.
1219 496 1252 533 p.
1292 483 1410 532 199)3
1454 482 1521 520 sed
1563 495 1639 520 rem

121 560 262 600 notam,
305 566 378 604 qua
422 553 581 590 Latinos
612 553 738 588 minus
769 550 933 587 offensos
966 563 1046 588 esse
1079 564 1193 602 quam
1226 565 1294 588 nos
1324 563 1372 589 ex
1404 564 1447 589 eo
1481 558 1639 603 apparet

123 621 224 674 quod
257 635 302 660 ea
333 635 617 672 nonnumquam
649 622 764 657 etiam
796 621 834 656 in
866 619 1035 671 pedestri
1058 633 1231 658 sermone
1253 622 1460 667 invenitur,
1496 620 1639 658 diutius

121 698 286 731 tractare
315 693 393 728 iam
423 689 663 742 supersedeo.

726 956 929 1006 Caput:
958 951 1013 993 V.

399 1068 464 1110 De
496 1070 765 1111 structurae
797 1068 999 1123 quadam
1034 1067 1366 1110 inclinatione.

235 1200 279 1237 In
326 1201 538 1249 zeugmatis
578 1211 738 1247 genere,
781 1198 829 1236 de
860 1212 935 1250 quo
968 1200 1005 1235 in
1038 1200 1162 1249 capite
1194 1196 1445 1235 antecedente
1480 1199 1639 1247 egimus,

120 1268 194 1307 dici
238 1275 365 1320 potest
407 1269 486 1306 fieri
533 1268 723 1320 quandam
766 1271 979 1306 sententiae
1019 1268 1320 1313 inclinationem,
1364 1282 1439 1318 qua
1470 1267 1643 1316 verbum,

119 1339 221 1390 quod
254 1338 300 1376 ad
334 1339 523 1376 obiectum
556 1340 680 1389 priore
703 1339 786 1375 loro
811 1341 973 1389 positum
997 1337 1245 1383 desideretur,
1279 1339 1332 1374 ita
1355 1336 1637 1388 detorqueatur,

120 1415 162 1445 ut
193 1408 241 1445 ad
272 1409 430 1445 alterum
464 1414 610 1445 tantum
642 1407 813 1458 quadret.
878 1408 947 1445 hoc
989 1421 1080 1444 vero
1122 1409 1247 1458 capite
1289 1420 1412 1457 pauca
1454 1406 1639 1444 addemus

119 1476 168 1515 de
189 1479 308 1529 ipsius
329 1484 543 1515 structurae
575 1477 823 1515 inclinatione
855 1476 1032 1528 quadam,
1065 1479 1173 1514 cuius
1205 1476 1300 1514 duas
1331 1477 1472 1514 formas
1498 1476 1639 1514 discer-

119 1561 215 1584 nam.
277 1547 395 1585 altera
443 1549 542 1585 enim
582 1554 640 1585 est
682 1560 780 1598 quae
824 1546 919 1584 duas
960 1554 1170 1584 structuras
1202 1548 1359 1594 miscet,
1403 1546 1524 1584 altera
1564 1559 1640 1597 qua

118 1623 307 1655 structura
338 1616 575 1668 abrumpitur
605 1622 642 1654 et
674 1614 957 1656 ἀνακόλουθον
990 1615 1091 1667 quod
1124 1615 1265 1653 dicitur
1296 1615 1436 1653 evadit.

235 1686 383 1724 Prioris
414 1689 565 1736 generis
596 1686 812 1737 exemplum
844 1686 1034 1737 proferam
1067 1687 1164 1724 Aen.
1200 1686 1287 1731 vll,
1326 1687 1423 1723 197:

352 1767 444 1819 quid
478 1768 642 1819 petitis?
674 1781 772 1818 quae
804 1781 920 1804 causa
953 1774 1052 1804 rates
1083 1773 1150 1804 aut
1181 1769 1287 1804 cuius
1318 1772 1474 1816 egentes

349 1837 439 1874 litus
471 1836 517 1874 ad
552 1837 766 1874 Ausonium
799 1843 855 1874 tot
887 1850 953 1888 per
984 1836 1086 1874 vada
1116 1836 1270 1874 caerula
1301 1837 1443 1874 vexit?

121 1917 187 1955 uhi
230 1923 362 1968 poeta,
408 1925 609 1969 postquam
642 1917 743 1956 dixit
775 1932 868 1966 quae
898 1933 1010 1956 causa
1041 1925 1148 1963 rates,
1181 1917 1227 1955 ad
1261 1930 1360 1968 quae
1391 1917 1508 1956 verba
1540 1917 1639 1955 desi-

121 1986 293 2025 deratum
315 1987 474 2025 verbum
495 1988 643 2025 finitum
666 1989 702 2024 in
736 1988 810 2025 tine
841 1988 996 2025 alterius
1029 2001 1159 2025 versus
1191 1989 1363 2039 sequitur
1395 1988 1518 2034 ‘vavist
1559 2001 1636 2025 ser-

121 2070 271 2095 monem
317 2058 392 2094 alia
424 2070 517 2094 voce
558 2059 835 2105 interrogativa
879 2057 1103 2104 deflectens,
1156 2071 1252 2109 quae
1294 2056 1482 2095 indicavit
1513 2057 1640 2095 verbis

121 2141 215 2174 quae
245 2140 366 2174 causa,
398 2128 519 2177 magis
551 2126 695 2165 definit.
758 2133 871 2178 atque
904 2141 987 2164 cum
1019 2129 1092 2178 ipsi
1126 2129 1378 2177 interroganti
1410 2133 1555 2165 certum
1586 2129 1636 2164 sit

124 2202 330 2246 egestatem
363 2197 530 2247 aliquam
563 2197 754 2234 Troianos
785 2199 929 2247 egisse,
976 2203 1103 2234 tamen
1146 2211 1220 2234 non
1260 2199 1385 2247 pergit
1427 2204 1491 2234 aut
1533 2201 1638 2234 cuias

121 2270 175 2304 rei
207 2273 352 2314 eyestas,
397 2265 497 2317 quod
542 2279 633 2304 sane
665 2272 750 2317 post
790 2266 907 2304 verba
950 2281 1042 2314 quae
1084 2282 1195 2305 causa
1236 2267 1314 2304 vile
1357 2273 1479 2315 esset;
1522 2268 1638 2304 immo

125 2335 238 2372 simul
284 2337 554 2384 cogitationem
600 2350 621 2372 a
662 2336 824 2373 navibus
855 2336 981 2386 (rates)
1013 2335 1213 2388 detorquet
1243 2335 1293 2373 ad
1324 2337 1506 2383 homines,
1538 2335 1641 2387 quod

121 2404 345 2454 interpretes
375 2405 556 2443 fefellisse
586 2405 739 2443 videtur
770 2406 829 2454 (cf.
863 2404 1112 2457 Conington).
1175 2407 1228 2443 sic
1268 2411 1416 2443 tantum
1455 2404 1504 2442 ad
1543 2411 1640 2442 rates

121 2475 294 2511 omittere
334 2476 462 2524 potuit
506 2482 648 2521 vestras,
690 2477 871 2526 quoniam
918 2477 983 2526 qui
1015 2477 1091 2513 sint
1130 2475 1187 2512 illi
1225 2482 1378 2526 egentes
1410 2475 1505 2525 (scil.
1553 2474 1638 2524 vos)

123 2549 283 2593 apparet
313 2543 429 2580 verbo
462 2544 563 2595 quod
595 2544 798 2593 antecedit,
830 2549 919 2593 quid
945 2550 1079 2593 petitis.
1140 2558 1263 2596 neque
1295 2545 1449 2583 silentio
1471 2550 1637 2596 praeter—

127 2613 352 2652 mittendum
384 2620 465 2652 erat
494 2617 589 2652 mire
630 2615 774 2652 dictum
805 2629 886 2653 esse
930 2631 1022 2664 quae
1056 2631 1167 2655 causa
1208 2621 1322 2664 vexit3
1367 2616 1515 2654 scilicet
1553 2628 1635 2653 ver-

129 2684 219 2722 bum
251 2685 353 2736 quod
393 2687 535 2736 optime
575 2685 742 2737 quadrat
776 2687 825 2724 ad
864 2695 971 2733 rates,
1011 2688 1237 2725 translatum
1280 2701 1362 2726 esse
1402 2687 1451 2725 ad
1482 2702 1638 2726 causam.

131 2759 214 2793 tota
245 2760 368 2792 autem
402 2757 612 2792 sententiae
643 2758 868 2806 compositio
913 2770 991 2794 non
1031 2762 1111 2794 tam
1156 2756 1282 2795 studio
1329 2762 1443 2808 atque
1477 2757 1636 2795 consilio

119 2825 299 2862 intricata
333 2838 447 2876 quam
479 2823 672 2874 cogitandi
706 2826 848 2862 rationi
880 2832 1016 2876 poetae
1048 2832 1180 2877 aptata
1211 2833 1286 2873 est,
1319 2840 1395 2877 qua
1426 2828 1639 2864 sententiae

1333 2908 1353 2932 o
