1923 3110
864 117 914 153 47

138 235 176 272 in
209 232 348 285 quibus
380 231 509 270 verbis
542 229 782 282 explicandis
813 230 921 267 multi
956 228 1144 266 dubitant.
1186 235 1310 265 utrum
1342 228 1497 266 verbum
1531 231 1653 265 eadem

133 305 185 353 (v.
218 305 318 351 448)
349 302 541 352 Sibyllam
572 301 763 350 significet
794 313 843 336 an
875 298 924 336 ad
955 302 1121 335 carmina
1155 299 1343 348 pertineat
1373 307 1407 335 et
1452 300 1500 335 sit
1542 311 1651 335 accu-

133 373 292 419 sativus,
342 373 405 422 qui
451 385 474 408 a
515 370 632 408 verbo
677 372 825 417 impulit
865 366 1087 417 dependeat.
1159 379 1280 417 neque
1325 369 1424 404 enim
1469 369 1648 416 cognosci

132 442 230 480 solet
272 449 414 479 teneo-as
443 443 590 488 frondes
635 437 714 478 ἀπὸ
755 441 888 477 κοινοῦ
930 438 1096 487 positum
1137 438 1251 474 etiam
1292 435 1341 473 ad
1382 440 1526 483 impulit
1569 450 1649 487 per-

134 513 255 549 tinere
300 524 389 548 nam
432 511 552 560 siquis
595 511 717 545 eadem
764 508 1024 545 accusativum
1067 518 1149 544 esse
1191 512 1227 543 et
1283 518 1491 556 pronomen
1547 506 1648 557 quod

130 579 321 618 antecedit
361 583 423 617 illa
464 584 633 630 repetere
674 579 888 619 existimet,
936 575 1112 627 equidem
1155 578 1191 612 in
1233 577 1421 613 sententia
1464 577 1645 625 primaria

133 649 345 687 subiectum
377 646 597 686 desiderem.
660 646 758 698 quod
802 653 927 684 autem
970 647 1126 695 gravius
1171 650 1246 682 cst:
1293 644 1487 683 observari
1535 643 1647 682 debet

132 724 281 769 poetam
314 717 488 768 Sibyllae
519 717 798 767 neglegentium
832 715 1057 762 describere,
1095 728 1192 766 quae
1225 715 1313 751 folia
1347 722 1458 752 antea
1491 713 1651 763 diligen-

134 789 280 827 tissime
310 787 485 825 ordinata
519 793 556 825 et
586 794 737 824 soi-vata
771 788 832 835 (sci.
867 801 900 823 v.
944 789 1014 823 245
1050 787 1135 836 sq),
1184 793 1385 836 postquam
1432 792 1543 822 vento
1575 791 1649 821 tur-

138 859 227 897 bata
270 861 367 906 sint,
411 872 458 896 ne
498 858 653 908 colligat
694 857 861 908 quidem.
924 859 1052 907 itaque
1091 859 1211 893 endem
1258 855 1303 891 :ul
1339 855 1528 905 Sibyllam
1560 853 1654 892 refe-

138 935 245 967 ratur
274 942 426 967 necesse
457 934 524 966 est.
587 928 646 964 hic
681 929 798 975 igitur
830 925 923 963 ordo
954 932 1034 963 ost:
1068 925 1200 962 mult-m
1232 938 1317 961 cnm
1353 931 1486 961 ventus·
1509 931 1658 961 teneras

138 997 292 1036 ftondes
331 997 482 1048 impulit
513 1003 549 1035 et
581 999 694 1033 ianua
725 1011 798 1044 cas,
842 995 1010 1032 turbavit
1053 1026 1217 1033 .....
1263 1001 1320 1032 est
1364 1002 1488 1032 :ultem
1537 995 1658 1033 levior

140 1068 262 1105 forma
313 1065 391 1107 ἀπὸ
435 1071 567 1106 κοινοῦ
607 1068 771 1117 figurae,
826 1080 899 1117 qua
946 1067 1017 1102 nisi
1059 1064 1290 1102 adiectivmn
1343 1066 1528 1102 enuntiati
1577 1061 1656 1104 ἀπὸ

139 1141 273 1177 ’κοινοῦ
305 1139 420 1187 positi
453 1138 623 1186 (teneras)
657 1137 904 1187 praemissum
940 1141 1049 1177 osset,
1097 1134 1201 1171 nulla
1234 1134 1308 1171 iere
1341 1134 1548 1171 difficultas
1589 1148 1655 1172 ex·

140 1213 269 1255 staret,
321 1208 501 1258 quoniam
548 1206 834 1244 substantivum
876 1207 999 1255 ipsum
1049 1206 1086 1241 in
1126 1205 1199 1241 fine
1243 1204 1403 1241 alterius
1444 1206 1657 1242 sententiae

139 1278 305 1328 positum
336 1283 402 1314 est.
465 1276 561 1313 alter
593 1276 721 1322 locus,
766 1274 813 1312 de
857 1288 931 1325 quo
975 1288 1050 1311 non
1093 1276 1215 1311 minus
1257 1274 1399 1311 novelli
1432 1276 1659 1325 interpretes

144 1345 340 1397 disputare
372 1345 495 1383 solent
526 1359 641 1396 quam
673 1347 711 1382 iu
753 1358 796 1381 co
843 1343 1051 1382 haerebant
1096 1345 1336 1392 grammatici
1383 1345 1552 1394 antiqui,
1604 1349 1660 1381 est

143 1417 240 1455 Aen.
277 1416 330 1463 II,
364 1417 472 1454 309:

348 1491 427 1523 tum
460 1498 550 1524 vero
582 1485 783 1522 manifesta
813 1482 909 1522 tides
942 1484 1263 1534 Danaumque
1295 1490 1493 1534 patescunt

355 1554 527 1593 insidiae.

143 1628 183 1664 in
214 1625 274 1663 his
321 1625 413 1677 quid
452 1626 502 1662 sit
544 1630 738 1671 manifesta
779 1628 885 1671 siclus,
931 1626 1001 1660 viri
1047 1623 1148 1661 docti
1198 1624 1262 1660 alii
1312 1624 1423 1661 alitor
1468 1624 1661 1675 explicare

146 1697 272 1733 conati
296 1701 394 1743 sunt,
426 1708 495 1732 nec
518 1708 590 1732 non
615 1701 651 1732 ct
672 1696 942 1744 grammaticos
973 1701 1118 1731 veteres
1150 1695 1187 1730 in
1221 1695 1274 1730 eis
1307 1693 1434 1731 verbis
1470 1693 1662 1731 laborasse

146 1763 284 1803 docent
316 1764 461 1802 scholia
491 1763 538 1801 ad
571 1763 671 1801 hunc
703 1777 853 1801 versum
890 1762 1031 1801 tradita
1063 1765 1274 1802 Serviana:
1327 1754 1520 1811 ›uniiifesta
1552 1768 1661 1810 tides:

144 1849 219 1872 ‘non
247 1838 379 1873 somnii
408 1841 449 1871 ut
480 1837 629 1881 quidam
661 1837 790 1878 volunt,
823 1837 883 1871 sed
913 1836 1062 1880 fraudis
1104 1836 1352 1879 (r'ravecorum;
1399 1848 1483 1871 nam
1530 1841 1561 1871 et
1602 1837 1665 1872 hoc

148 1909 312 1954 sequitur
342 1907 604 1952 ‘Danaumque
634 1911 820 1951 patescunt
852 1907 1032 1942 insidiae&
1095 1903 1233 1954 quibus
1266 1903 1390 1941 verbis
1422 1906 1460 1941 in
1507 1904 1664 1942 scholiis

150 1975 326 2025 opposita
358 1973 451 2011 haec
482 1973 690 2024 explicatio
723 1973 856 2011 addita
887 1979 960 2011 est:
996 1978 1158 2021 qaanwis
1189 1977 1254 2011 alii
1275 1977 1338 2011 hoc
1366 1978 1415 2011 ad
1448 1977 1664 2012 Laocoontis

150 2047 348 2089 interituve,
398 2046 462 2081 alii
505 2041 553 2080 ad
597 2057 767 2091 responsa
811 2045 1040 2081 Cassandrae
1082 2047 1273 2090 applicent.
1336 2049 1451 2095 atque
1494 2046 1663 2095 ineptum

150 2119 228 2160 est,
275 2114 306 2149 si
338 2113 423 2163 quis
453 2125 538 2150 cum
570 2112 725 2150 scholiis
771 2112 957 2164 explicat:
1004 2112 1204 2150 manifesta
1244 2112 1340 2151 fides
1384 2115 1664 2160 vaticiniorum,

152 2195 250 2234 quae
281 2174 460 2235 Laocoon
492 2188 529 2220 et
560 2181 777 2220 Cassandra
809 2181 1019 2229 ediderant,
1064 2195 1186 2234 neque
1226 2185 1350 2221 minus
1381 2185 1553 2234 ineptum
1584 2197 1666 2222 esse

150 2252 244 2290 mihi
288 2251 440 2304 quidem
483 2251 652 2299 videtur,
697 2251 800 2303 quod
842 2251 926 2294 alii,
978 2258 1018 2289 ut
1061 2265 1107 2289 ex
1156 2252 1351 2291 Servianis
1402 2255 1666 2305 comperimus,

156 2323 394 2372 interpretati
425 2327 531 2359 sunt:
579 2329 654 2358 tum
687 2335 766 2360 vero
799 2326 994 2369 manifesta
1023 2325 1112 2367 fides
1141 2327 1294 2364 somnii,
1341 2321 1445 2373 quod
1477 2324 1507 2360 si
1541 2322 1667 2361 dicere

154 2390 328 2437 volebat,
367 2390 439 2428 hoc
470 2396 607 2441 poetae
640 2390 861 2429 addendum
892 2397 992 2434 erat,
1033 2393 1257 2441 praesertim
1297 2406 1382 2429 cum
1414 2391 1540 2430 verbis
1570 2393 1670 2430 inter

155 2461 290 2497 somnii
323 2461 599 2498 enarrationem
632 2466 668 2498 et
698 2460 799 2498 hunc
829 2473 981 2499 versum
1011 2462 1250 2513 interpositis
1290 2460 1453 2499 indicari
1489 2461 1669 2500 videatur

155 2530 328 2567 Aeneam
368 2530 443 2566 iam
485 2528 533 2567 de
572 2532 718 2568 somnio
760 2530 826 2567 illo
857 2543 905 2568 ne
935 2532 1103 2580 cogitare
1136 2530 1298 2582 quidem.
1359 2533 1474 2568 immo
1506 2545 1590 2569 cum
1621 2531 1669 2570 de

155 2611 300 2636 summo
334 2603 432 2635 tecto
462 2598 593 2636 urbem
624 2601 871 2650 prospiciens,
915 2606 957 2637 ut
999 2600 1075 2637 alio
1106 2600 1189 2638 loco
1220 2599 1325 2647 dicit,
1370 2603 1517 2639 insidiis
1546 2606 1668 2648 periu-

158 2673 263 2717 rique
295 2674 372 2704 arte
393 2669 541 2706 Sinonis
570 2667 763 2718 proditam
794 2668 970 2707 incendio
1001 2675 1039 2707 et
1070 2671 1186 2707 armis
1215 2668 1315 2707 vidit
1335 2669 1540 2718 turbatam,
1571 2670 1667 2708 nihil

160 2739 304 2788 cogitat
343 2738 416 2774 nisi
449 2737 608 2774 Troiam
659 2737 819 2787 perfidia
863 2737 1015 2776 Graeca
1055 2752 1169 2790 quam
1235 2741 1371 2777 misere
1402 2741 1535 2790 perire.
1597 2740 1668 2777 hoc

161 2814 228 2853 est,
260 2805 359 2857 quod
392 2805 518 2843 (licere
551 2806 681 2843 volunt
715 2807 830 2844 verba
862 2820 959 2858 quae
995 2815 1224 2858 sequuntur:
1258 2816 1333 2845 tum
1365 2823 1443 2846 ‘vero
1474 2813 1669 2856 manifesta
