1923 3110
295 272 447 310 Lucret.
482 271 539 309 IV
544 303 551 318 ,
586 273 665 309 905
698 272 895 324 multaque

555 347 768 380 commovet
798 347 913 394 atque
944 342 1020 380 levi
1050 341 1053 394 Ι
1083 342 1247 380 sustollit
1280 342 1510 380 machina
1539 345 1637 380 nisu.

240 424 278 459 in
310 424 421 460 initio
453 436 585 461 versus
616 423 826 462 subiectum
858 426 1025 474 positum
1058 429 1138 461 est:

357 505 427 552 VI,
464 507 566 543 1151
602 504 691 543 inde
722 505 786 544 ubi
818 519 887 557 per
917 506 1045 543 fauces
1075 510 1210 556 pectus
1241 505 1449 556 complerat
1481 510 1517 543 et
1548 507 1671 556 ipsum

600 575 827 613 morbida
859 577 930 612 vis
961 577 1001 612 in
1033 589 1097 612 cor
1126 581 1312 612 maestum
1343 576 1578 613 confluxerat
1609 576 1746 625 aegriS‚

240 646 352 683 tertio
384 645 469 682 loeo
502 645 577 682 duo
610 645 725 683 verba
758 647 1065 682 coniunctionem
1098 651 1200 682 certe
1239 645 1436 695 vulgarem
1479 644 1674 697 praebent,
1714 649 1758 682 ut

240 727 355 752 unam
386 728 464 752 rem
497 716 725 765 significent:

353 786 401 830 V,
436 788 513 824 214
547 800 630 824 cum
662 789 738 823 ium
770 800 837 837 per
867 792 990 824 terras
1021 786 1197 824 frondent
1229 793 1342 838 atque
1375 788 1532 823 omnia
1563 786 1707 824 florent.

237 856 381 894 Poetae
426 859 523 907 epici
566 858 785 907 posterioris
831 859 967 894 aetatis
1009 870 1123 907 quam
1161 870 1274 908 saepe
1306 859 1454 894 ratione
1485 855 1587 907 apud
1617 855 1756 905 Vergi-

239 926 331 963 lium
364 928 522 963 inventa
554 929 610 963 usi
645 928 731 973 sint,
764 926 997 973 mirabimur,
1029 928 1249 976 praesertim
1276 941 1361 964 cum
1385 925 1487 977 apud
1509 940 1572 964 eos
1596 925 1756 976 figuram

241 994 275 1035 ὰ.
318 1009 352 1035 κ.
403 999 474 1033 nisi
521 1011 604 1033 cum
650 997 847 1047 anaphora
887 999 1131 1034 coniunctam
1181 1010 1334 1047 perraro
1382 995 1754 1047 deprehenderimus.

238 1066 351 1116 plane
399 1066 446 1102 ad
481 1066 643 1116 Vergilii
691 1066 899 1104 dictionem
944 1072 1165 1117 comparata
1210 1072 1297 1103 sunt
1339 1066 1433 1103 haec
1477 1079 1524 1103 ex
1558 1064 1756 1103 Ovidio

237 1135 397 1173 collecta
415 1151 422 1173 :

236 1211 321 1243 met.
355 1206 445 1251 XV,
481 1208 561 1243 683
595 1205 732 1243 adnuit
761 1206 822 1243 his
852 1207 1041 1257 motisque
1074 1205 1207 1243 deus
1239 1209 1321 1242 rata
1353 1207 1513 1256 pignera
1545 1206 1669 1242 cristis

592 1281 629 1313 et
659 1277 822 1327 repetita
853 1275 960 1313 dedit
992 1275 1143 1313 vibrata
1175 1275 1289 1313 sibila
1320 1276 1461 1325 lingua.

414 1345 445 1391 Ι,
481 1347 560 1383 722
594 1347 739 1396 excipit
770 1345 838 1383 hos
869 1345 1115 1397 volucrisque
1146 1358 1236 1383 suae
1263 1343 1268 1398 Ι
1297 1345 1549 1383 Saturnia
1581 1346 1709 1395 pinnis

593 1415 768 1452 collocat.

375 1485 447 1522 ΙΙΙ.
483 1487 561 1522 342
1024 1499 1137 1536 quam
1168 1484 1363 1536 quondam
1392 1484 1550 1522 flumine
1581 1497 1698 1522 curvo

598 1555 789 1606 implicuit
817 1554 822 1608 Ι
849 1555 1077 1607 clausaeque
1109 1557 1187 1592 suis
1216 1555 1220 1605 Ι
1248 1554 1503 1606 Cephisus
1533 1556 1574 1592 in
1604 1553 1719 1591 undis

598 1626 677 1662 vim
711 1625 809 1662 tulit.

425 1695 456 1743 1,
490 1696 570 1733 392
604 1700 669 1732 aut
699 1696 763 1745 pia
785 1701 873 1732 sunt
903 1693 907 1748 Ι
934 1695 1157 1746 nullumque
1171 1695 1279 1733 nefas
1307 1693 1310 1746 Ι
1340 1694 1554 1732 oracula
1583 1693 1757 1743 suadent,

233 1763 444 1802 subiectum
475 1766 515 1802 in
545 1766 656 1802 initio
688 1777 818 1802 versus
848 1766 1065 1808 invenimus
1098 1771 1182 1803 met.
1215 1765 1267 1811 X,
1301 1767 1408 1802 713:

605 1836 779 1884 protinus
810 1836 976 1872 excussit
1008 1834 1134 1886 pando
1166 1834 1359 1872 venabula
1389 1840 1513 1872 rostro

603 1906 789 1954 sanguine
819 1906 939 1942 tincta
970 1918 1037 1942 suo
1068 1904 1336 1956 trepidumque
1365 1909 1401 1942 et
1432 1910 1515 1941 tuta
1546 1908 1734 1955 petentem

602 1980 647 2011 tr
658 1987 682 2011 u
694 1987 718 2011 x
752 1988 773 2011 a
785 1988 809 2026 p
823 1987 842 2012 e
853 1989 872 2012 ι·
901 1976 1123 2026 insequitur.

236 2056 313 2094 alia
340 2060 438 2094 ratio
470 2060 567 2095 inest
600 2059 657 2096 his
690 2058 926 2110 lepidissime
959 2058 1094 2097 dictis:

292 2144 379 2177 met.
413 2139 485 2187 IX,
520 2141 648 2188 5975&
1011 2147 1090 2177 tum
1123 2153 1208 2177 culn
1239 2139 1333 2177 mihi
1365 2139 1463 2177 ferre
1493 2139 1640 2177 iubenti

676 2210 817 2248 excidit
850 2216 886 2248 et
917 2211 1007 2248 fecit
1038 2223 1124 2261 spes
1154 2215 1305 2247 nostras
1337 2222 1423 2247 cera
1453 2208 1627 2246 caducas.

238 2293 313 2330 quo
344 2280 428 2317 loco
462 2283 646 2318 sentimus
678 2287 821 2331 quanto
854 2283 974 2318 artior
1004 2280 1070 2317 fiat
1103 2293 1270 2317 conexus
1301 2279 1502 2317 verborum
1535 2292 1632 2330 quae
1668 2284 1756 2316 sunt

234 2354 364 2388 eaecidit
407 2358 443 2387 ct
472 2356 554 2397 sec-it
586 2354 741 2389 cadmus
773 2364 827 2396 ου,
877 2351 975 2402 quod
1019 2351 1230 2388 subiectum
1264 2362 1463 2387 commune
1494 2349 1615 2388 altera
1646 2355 1755 2400 parte

236 2422 343 2471 quasi
376 2420 588 2457 involvitur
610 2419 647 2469 ¹¹).
712 2420 870 2458 oumlem
919 2421 1041 2458 locum
1090 2433 1240 2466 versus,
1287 2420 1433 2457 scilicet
1477 2419 1755 2470 paenultimum

236 2489 382 2541 pedem,
415 2490 624 2527 subiectum
657 2497 761 2528 tenet

332 2606 367 2647 1)
395 2605 467 2639 alia
493 2615 550 2639 res
580 2609 633 2638 est
661 2605 689 2639 si
718 2616 759 2639 ox
789 2605 928 2639 duabus
956 2606 1165 2648 sententiis,
1196 2615 1286 2648 quae
1313 2604 1503 2639 antithesis
1531 2604 1681 2639 formam
1709 2605 1753 2639 ab

241 2663 366 2698 Ovidio
393 2671 549 2698 amatam
577 2665 780 2706 exhibeant,
819 2665 925 2698 alteri
961 2664 1100 2698 demum
1138 2664 1336 2698 subiectum
1370 2662 1531 2698 additum
1569 2668 1641 2707 est,
1684 2674 1754 2707 quo

239 2723 376 2767 species
403 2722 539 2766 figurae
565 2722 708 2757 favilior
736 2724 902 2766 efficitur,
930 2724 1026 2758 velut,

344 2799 424 2829 met.
452 2794 538 2832 XV,
563 2796 625 2828 ⁴231
658 2798 741 2828 ante
768 2794 968 2837 bibebatur,
996 2805 1088 2828 nunc
1116 2804 1204 2837 quas
1233 2794 1444 2838 contingere
1470 2793 1562 2832 nolis

660 2852 779 2887 t'unclit
810 2856 833 2886 Α
847 2864 867 2886 n
879 2853 919 2897 ig
928 2864 950 2887 n
960 2863 1009 2887 us
1037 2863 1160 2898 aquas.
