1923 3110
919 122 969 157 55

243 239 329 272 met.
364 234 474 280 VIII,
510 236 589 272 618
837 236 1021 273 immensa
1053 241 1109 274 est
1140 236 1329 290 finemque
1358 239 1531 290 potentia
1565 239 1659 278 caeli

529 317 603 341 non
634 304 761 344 habet.

184 376 328 412 maiore
371 375 558 412 varietate
608 380 696 411 sunt
737 386 834 425 quae
880 388 926 412 ex
968 375 1211 413 Valerio
1264 380 1473 427 comparari
1527 384 1696 428 possunt.

184 443 331 482 duobus
374 443 466 481 loeis
505 445 602 480 ratio
645 443 722 481 fere
763 443 895 482 eadem
936 450 992 482 est
1035 450 1149 496 atque
1195 447 1233 482 in
1278 458 1387 483 versu
1419 460 1465 484 ex
1506 450 1695 498 georgicis

185 526 300 564 supra
332 512 472 550 allato:

242 582 387 632 Argon.
419 581 494 627 III,
532 583 608 618 133
641 581 789 618 tollitur
819 581 906 619 hine
938 588 1120 634 tentoque
1150 586 1222 620 ruit
1255 584 1574 635 Tirynthius
1606 601 1695 625 areu

425 650 493 697 VI,
528 652 606 687 277»
795 652 934 689 vulnus
967 654 1142 698 referens,
1175 653 1279 704 quod
1311 657 1476 692 ear-mine
1508 656 1610 693 nullo

644 723 829 758 sustineat
861 722 1054 773 nullisque
1085 722 1187 760 levet
1217 723 1391 762 Medea
1424 727 1591 763 venenis.

427 790 492 835 VI,
525 793 605 828 400
1179 799 1271 831 tune
1301 794 1455 831 ensibus
1486 797 1593 832 uncis

642 860 812 911 implicat
835 867 870 897 et
894 860 1063 911 trepidos
1086 862 1226 900 lacerat
1249 862 1482 901 (liscardi
1499 878 1521 901 a
1552 879 1693 903 cursus.

177 932 346 969 ordinem
373 932 409 967 in
436 930 604 968 Aeneide
627 930 703 967 fere
726 930 845 967 solum
870 930 1083 968 exhibitum
1117 938 1152 970 et
1173 931 1317 970 Ovidio
1350 936 1464 971 etiam
1500 936 1692 980 usitatum,

178 1015 254 1053 quo
285 1001 350 1047 fit,
398 1006 437 1037 ut
470 999 681 1038 subiectum
715 1007 799 1051 post
833 1013 1027 1038 caesuram
1060 1004 1223 1053 positum
1263 1005 1323 1049 sit,
1366 1003 1467 1054 apud
1501 1004 1694 1042 Valerium

180 1084 366 1122 nusquam
397 1071 554 1112 inveni:
586 1069 650 1108 sed
685 1069 896 1108 subiectum
929 1072 967 1107 in
1001 1085 1155 1109 caesura
1188 1074 1351 1122 positum
1385 1079 1460 1111 est:

294 1140 361 1180 Vl,
397 1142 476 1176 255
1314 1144 1431 1180 inruit
1463 1143 1561 1181 ultro

507 1208 774 1260 turbatumque
808 1210 935 1247 Lacon
969 1216 1004 1248 et
1037 1210 1160 1249 adhue
1192 1211 1340 1249 invadit
1375 1215 1566 1250 inermem.

178 1293 237 1331 his
267 1292 362 1329 loeis
394 1304 544 1328 versum
575 1290 659 1328 finit
691 1291 750 1328 vel
784 1291 940 1329 alterius
973 1293 1121 1330 initium
1155 1294 1267 1331 facit:

266 1361 335 1407 IV,
372 1363 445 1397 501
485 1361 620 1398 emicat
652 1360 714 1398 hie
744 1360 870 1398 subito
901 1375 1057 1414 seseque
1088 1362 1373 1413 Aquilonia
1406 1364 1578 1415 proles

491 1444 574 1467 eum
607 1430 770 1468 elamore
803 1430 917 1477 levat,

237 1500 284 1547 V,
318 1503 395 1537 446
430 1499 559 1538 deficit
589 1501 626 1536 in
659 1500 838 1537 thalamis
870 1501 1097 1552 turbataque
1127 1502 1273 1553 paelice
1305 1505 1522 1541 coniunx

492 1569 634 1621 pallam
667 1578 703 1608 et
735 1571 983 1620 gemmiferae
1014 1571 1154 1609 donum
1188 1573 1344 1611 exitiale
1376 1587 1538 1612 eoi-onae

493 1646 666 1690 apparat,

235 1710 347 1757 VllI,
379 1711 458 1747 32⁸
493 1709 640 1746 tollitur
671 1715 785 1761 atque
817 1713 916 1748 inter
947 1710 1110 1748 Colchos
1144 1712 1349 1764 Argoaque
1383 1713 1467 1760 yela

493 1779 676 1830 Styrus
708 1780 799 1817 abit.

290 1849 423 1900 Neque
468 1850 592 1886 minus
624 1848 826 1887 Statius
869 1852 905 1886 iu
939 1850 1139 1888 Thebaide
1180 1852 1364 1888 rationem
1403 1851 1515 1889 huius
1547 1853 1691 1902 figurae

173 1920 307 1955 variat.
369 1918 519 1955 (luobus
551 1918 645 1955 loeis
676 1919 887 1957 subiectum
921 1933 1119 1957 commune
1150 1926 1235 1971 post
1268 1934 1463 1958 caesuram
1500 1922 1687 1960 trithemi-

173 2000 312 2026 merem
345 1989 582 2025 invenimus:

175 2057 298 2095 Theb.
332 2057 379 2099 V,
414 2059 492 2094 5155)
1046 2064 1097 2097 ‘at
1128 2073 1202 2097 non
1235 2073 1318 2098 mea
1350 2061 1518 2099 vulnera'
1550 2062 1691 2100 clamat

462 2133 500 2164 et
530 2127 637 2165 trabe
667 2128 841 2166 fraxinea
870 2127 874 2182 Ι
903 2128 1169 2180 Capaneus
1200 2130 1302 2168 subit
1333 2131 1469 2169 obvius
1501 2136 1690 2184 ‘umquam

439 2197 639 2247 -effugies‘.

247 2265 321 2313 XI,
358 2267 484 2315 147s8
1043 2271 1181 2306 etenim
1212 2269 1313 2308 unde
1343 2270 1518 2322 R‘Iyeenis

462 2335 613 2374 adforet
645 2343 682 2374 et
712 2336 855 2374 vallum
885 2340 888 2383 Ι
917 2340 1144 2376 coniunx
1176 2341 1335 2390 inopina
1366 2340 1520 2379 subiret.

172 2408 355 2445 leniorem
405 2407 510 2445 illam
561 2411 725 2458 speeiem
776 2409 946 2459 figurae,
996 2412 1104 2448 euius
1147 2411 1363 2463 exemplum
1405 2425 1452 2449 ex
1498 2415 1688 2463 georgicis

172 2478 412 2529 sumpsimus,
445 2487 520 2515 tres
551 2477 624 2515 loei
656 2478 819 2517 habent:

173 2619 320 2655 eandem
347 2620 483 2665 figurae
509 2622 660 2658 formam
688 2623 785 2667 apud
814 2625 997 2660 Lucanum
1030 2626 1060 2660 si
1098 2626 1236 2661 frustra
1275 2638 1539 2673 quaereremus,
1581 2631 1685 2666 mira-

171 2690 301 2723 remur,
339 2680 438 2714 euius
472 2691 598 2724 poema
632 2683 820 2717 sententiis
843 2685 1101 2728 contrapositis
1129 2689 1277 2720 scateat.
1318 2687 1369 2721 ita
1396 2689 1594 2724 subiectum
1620 2691 1684 2724 ἀπὸ

172 2743 283 2773 κοινοῦ
310 2739 466 2783 positum
494 2743 569 2774 est:

270 2809 434 2851 Pharsal.
461 2810 505 2846 ΙΙ,
534 2812 600 2845 575
628 2821 698 2845 non
725 2815 759 2846 te
786 2813 940 2858 fugiunt,
969 2824 1022 2848 me
1049 2819 1207 2850 cuncta
1235 2820 1415 2854 secuntur.
