1923 3110
956 94 1006 131 75

224 209 349 257 habet,
395 223 469 261 quo
507 209 754 257 offendamur,
800 215 915 261 atque
954 222 999 246 ea
1042 208 1308 245 coniunctione
1349 205 1552 244 verborum
1593 204 1647 251 fit,
1692 207 1736 241 ut

227 282 428 329 genetivus
469 294 553 317 cum
594 280 846 325 substantivo,
887 278 934 316 de
973 291 1047 329 quo
1089 276 1264 328 pendeat,
1305 278 1343 313 in
1384 289 1498 313 unam
1543 275 1739 312 notionem

229 349 604 400 comprehendantur
634 356 672 387 et
701 349 812 386 nobis
843 349 975 397 lingua
1008 346 1239 384 Germanica
1278 347 1357 383 usis
1395 359 1472 382 non
1513 342 1739 382 vertendum

224 421 295 456 sit:
346 423 409 457 cler
452 423 580 468 Klany
624 426 722 457 einer
771 420 1039 466 tyrrhenischen
1085 419 1288 461 Trompete,
1334 413 1422 452 sed:
1477 417 1739 463 tyrrhenischer

228 492 553 537 Trompetenklany
584 494 643 526 et:
687 491 745 525 die
783 489 1036 524 Volcanischen
1065 487 1327 530 Gotteswaffcn.
1390 485 1482 520 item
1523 482 1654 532 Georg
1683 483 1736 530 II,

229 560 306 596 143
337 562 471 596 Bacchi
502 561 683 595 Massicus
711 570 817 594 umor
853 562 909 594 est
941 558 1122 592 Massiker
1154 557 1405 600 Bacchzcssaft‚
1436 559 1477 590 ut
1500 567 1534 602 g.
1561 553 1630 598 111,
1656 553 1733 589 526

226 632 389 667 Massica
420 631 554 666 Bacchi
585 642 739 664 munera
771 632 829 664 est
861 628 1043 663 ,Massilser
1075 627 1342 672 Bacchus-(jaba
1397 621 1496 673 quod
1531 621 1616 659 ideo
1643 622 1736 659 mihi

227 710 308 736 esse
331 697 535 735 dicendum
558 698 705 748 putavi,
738 695 839 747 quod
871 697 1121 746 interpretum
1153 707 1264 731 nemo
1297 692 1345 730 de
1372 692 1439 730 tali
1462 693 1738 742 compositione

180 791 185 795 ·
223 766 381 805 verbum
426 766 527 813 fecit,
570 768 642 803 nisi
677 749 951 817 quod-dicunt
990 764 1234 809 adieetivum‚
1271 761 1373 814 quod
1421 761 1470 799 ad
1514 763 1736 811 genetivum

228 838 443 888 pertineat,
486 850 570 873 cum
613 837 765 873 nomine
808 840 964 885 regente
996 846 1076 872 esse
1118 835 1371 871 coniunctum.
1433 833 1473 869 in
1515 833 1735 868 universum

228 906 317 944 talis
347 908 446 943 ratio
477 905 754 943 adiectivorum
785 906 899 942 nimis
939 903 987 941 ad
1029 916 1106 941 rem
1146 904 1435 952 grammaticam
1477 902 1581 950 exigi
1621 900 1737 948 solet3

226 988 348 1028 neque
379 977 505 1013 minus
536 974 749 1013 cavendum
781 981 848 1021 est,
890 987 937 1012 ne
980 976 1020 1011 in
1063 973 1264 1011 adieetivis
1308 971 1356 1009 ab
1397 972 1550 1009 homine
1588 972 1628 1008 iu
1659 983 1738 1008 rem

230 1045 426 1084 translatis
469 1050 621 1096 poetam
663 1047 759 1082 miro
802 1043 914 1082 modo
954 1044 1089 1081 lusisse
1129 1049 1319 1094 putemus,
1363 1042 1467 1079 velut
1512 1041 1607 1078 Aen.
1642 1040 1671 1086 I,
1703 1042 1739 1077 4.

228 1130 353 1153 saevae
384 1129 571 1153 'niemowem
604 1118 760 1152 Iunonis
791 1118 832 1152 ob
863 1119 959 1152 iram
992 1113 1119 1151 Jacob
1137 1111 1164 1163 ¹)
1197 1111 1351 1159 Quaest.
1384 1126 1440 1162 ep.
1474 1126 1508 1162 p.
1549 1112 1624 1147 1⁴29
1660 1112 1741 1160 ipse

223 1184 398 1223 concedit
429 1187 613 1222 rationem
645 1198 722 1222 non
755 1184 895 1229 deesse,
937 1198 1004 1221 eur
1049 1190 1160 1233 poeta
1202 1185 1257 1219 sic
1298 1182 1445 1219 locutus
1483 1182 1531 1217 sit
1574 1193 1640 1231 pro
1683 1192 1738 1226 eo,

225 1254 324 1307 quod
358 1256 511 1306 proprie
554 1256 767 1306 exspectari
801 1254 912 1291 dicit:
960 1253 1008 1290 ob
1044 1266 1197 1291 saevam
1230 1254 1325 1289 iram
1359 1252 1517 1288 Iunonis
1549 1251 1737 1287 memoris.

225 1338 316 1363 sane
347 1325 419 1362 hoe
450 1331 548 1362 esset
579 1324 785 1362 dictionem
818 1336 1008 1362 enervare.
1066 1325 1155 1360 item
1188 1322 1306 1359 multo
1339 1321 1473 1358 fortius
1505 1320 1646 1358 dietum
1679 1326 1737 1357 est

223 1396 334 1446 (Aen.
369 1395 443 1442 ΙΙΙ,
485 1395 554 1445 44)
595 1399 674 1441 heu,
714 1399 802 1442 fuye
847 1397 1003 1432 crudeles
1033 1401 1159 1438 terras,
1205 1397 1293 1440 fuya
1323 1396 1407 1430 litus
1439 1405 1592 1428 (ιυανιιηι.
1624 1404 1737 1441 quam

224 1478 323 1516 quae
369 1472 425 1503 est
471 1464 679 1516 explicatio
725 1464 928 1502 Servi-ana:
986 1466 1022 1501 id
1068 1470 1115 1500 est
1161 1466 1359 1500 crudelium
1405 1468 1437 1498 et
1482 1475 1675 1498 avarorum
1693 1457 1736 1511 ²).

208 1548 345 1587 neque
367 1536 466 1573 alius
488 1536 648 1572 rationis
670 1539 757 1571 sunt
789 1546 887 1584 quae
919 1532 1045 1571 Jacob
1081 1532 1235 1582 collegit
1266 1546 1300 1582 p.
1332 1533 1424 1568 122:
1457 1531 1553 1568 Aen.
1578 1530 1651 1577 111,
1683 1529 1738 1570 60

221 1609 391 1643 scelerata
422 1613 532 1651 terra,
569 1604 634 1651 VI,
670 1605 749 1641 5153
782 1607 989 1641 sceleratam
1023 1606 1128 1640 limen
1156 1602 1223 1648 VI,
1258 1599 1385 1653 (537Ιὸ
1418 1604 1505 1638 locos
1532 1604 1640 1637 laetos
1665 1630 1670 1636 .
1696 1630 1703 1638 .
1729 1629 1737 1637 .

218 1678 384 1723 sedesque
425 1679 556 1720 beatas,
604 1673 735 1722 Georg
766 1673 818 1722 II,
864 1674 942 1709 502
988 1677 1229 1720 insanumque
1266 1676 1398 1718 forum.
1460 1684 1537 1707 non
1583 1669 1736 1706 silentio

225 1744 441 1795 praeteribo
474 1744 598 1781 locum
631 1743 896 1792 Vergilianum
930 1755 1042 1793 quem
1075 1744 1244 1779 imitator
1282 1743 1320 1778 in
1353 1747 1461 1778 suu'm
1492 1753 1600 1777 usum
1632 1752 1740 1776 usur-

222 1827 319 1865 pans
349 1814 600 1852 translatione
631 1812 823 1858 adiectivi‚
857 1825 954 1863 quae
985 1813 1017 1849 ei
1051 1814 1161 1853 inest,
1195 1812 1384 1862 privavit:

281 1885 373 1921 Aen.
406 1883 478 1930 XI,
511 1885 593 1921 458
627 1883 720 1920 dant
750 1884 918 1919 sonitum
951 1884 1053 1919 rauci
1090 1894 1156 1932 per
1188 1887 1326 1929 stagna
1360 1880 1536 1932 loquacia
1573 1880 1693 1930 cycni.

220 1953 285 1991 ubi
317 1959 471 2005 propter
501 1967 646 2005 cygnos
677 1953 858 2004 loquaces
898 1954 982 2003 ipsa
1026 1959 1164 2002 stagna
1205 1951 1386 1989 dicuntur
1425 1951 1611 2002 loquacia.
1673 1951 1738 2001 qui

222 2029 349 2061 autem
382 2023 632 2073 pervigilium
665 2023 828 2060 Veneris
860 2023 1023 2073 scripsit,
1064 2022 1164 2059 hunc
1202 2034 1354 2059 versum
1386 2020 1649 2071 Vergilianum
1681 2021 1735 2057 ita

319 2203 352 2246 l)
379 2214 449 2236 non
477 2202 554 2236 iure
580 2202 752 2237 Jacobius
779 2203 995 2247 hypallagen
1023 2202 1165 2246 quaerit
1192 2202 1227 2236 in
1254 2202 1372 2236 verbis
1400 2203 1487 2235 Aen.
1515 2202 1540 2244 1,
1569 2202 1631 2235 361
1663 2201 1739 2245 qni-

221 2263 286 2296 bus
311 2266 375 2296 aut
402 2262 520 2296 odium
549 2262 688 2296 crudele
714 2262 862 2306 tyranni
895 2264 958 2295 cm!
994 2266 1105 2296 metus
1139 2273 1219 2296 acer
1254 2266 1338 2303 erat,
1376 2272 1467 2304 quae
1507 2272 1584 2294 cum
1613 2260 1735 2294 Servio

221 2321 272 2354 sic
297 2321 578 2365 interpretatur:
606 2322 627 2355 ί.
657 2333 682 2355 e.
713 2322 834 2356 odium
861 2332 876 2356 e
903 2322 1111 2356 crudelitate
1137 2322 1287 2366 tyranni
1314 2325 1438 2360 ortam,
1467 2321 1642 2363 (Servius2
1672 2321 1734 2363 Le,

220 2380 374 2414 crudelis
408 2381 558 2425 tyranni
595 2385 625 2415 et
647 2382 766 2425 tiqura
792 2385 862 2425 est,·
902 2392 985 2415 nam
1026 2382 1062 2415 in
1102 2385 1297 2426 tyrannum
1334 2381 1456 2415 odium
1490 2381 1624 2413 instram
1660 2382 1735 2421 est).

227 2438 366 2473 crudele
392 2440 483 2473 enim
511 2439 723 2474 adiectivum
750 2441 976 2474 substantivo
1005 2441 1124 2474 odium
1151 2439 1275 2474 eodem
1302 2440 1378 2474 iure
1405 2439 1565 2473 additum
1593 2442 1648 2473 est
1685 2441 1738 2472 at-

223 2508 290 2541 que
317 2497 423 2532 alteri
449 2503 561 2533 metus
587 2499 801 2533 adiectivum
829 2510 926 2541 acer3
954 2500 1092 2534 scilicet
1118 2499 1236 2534 odium
1264 2500 1409 2543 tyranni
1429 2498 1574 2533 crudele
1593 2497 1735 2541 dicitur,

228 2555 321 2599 quod
350 2560 403 2590 est
430 2557 466 2590 in
492 2568 534 2592 eo
561 2557 708 2601 aliquid,
737 2557 831 2601 quod
858 2559 1013 2592 animum
1041 2559 1200 2593 stimulet
1228 2563 1263 2593 et
1289 2562 1403 2601 vexet,
1431 2557 1513 2592 dum
1541 2560 1736 2592 saturetur.

231 2615 355 2658 itaque
387 2614 455 2649 dici
493 2620 639 2659 potest:
684 2617 805 2650 odium
835 2621 1002 2651 saturare
1036 2618 1124 2659 (Uir.
1152 2618 1273 2651 Vatin.
1301 2618 1337 2661 3)
1373 2621 1409 2651 et
1445 2617 1565 2651 odium
1602 2617 1738 2660 eoeplere

222 2674 399 2718 sanquine
426 2674 512 2716 (Cic.
540 2675 615 2708 Mil.
635 2676 706 2718 23).

319 2736 355 2772 2)
383 2733 521 2767 scholia
548 2731 743 2767 adnotant:
771 2743 812 2767 ex
839 2734 996 2767 moribus
1022 2735 1113 2768 enim
1140 2736 1315 2769 cultorum
1340 2739 1455 2771 terrae
1480 2736 1682 2770 laudantur
1708 2739 1739 2770 et

227 2792 480 2842 vituperantur
504 2796 543 2826 ut
569 2791 745 2828 ‘devenere
770 2793 863 2829 locos
889 2793 1020 2829 laetos⁷.
