1923 3110
911 119 961 154 53

400 236 521 274 audiit
552 242 589 275 et
620 238 696 274 voti
728 233 732 289 Ι
761 235 990 273 Phoebus
1022 234 1223 274 succedere
1254 242 1402 288 partem

404 312 528 344 mente
559 305 674 344 dedit.

171 374 270 413 duae
320 378 531 414 sententiae
583 375 780 426 particulis
825 388 971 422 neque.
1006 405 1012 411 .
1047 405 1051 411 .
1087 405 1092 411 .
1126 388 1240 421 neqw·
1288 376 1387 412 inter
1438 387 1478 413 se
1523 387 1690 413 conexae

169 444 380 483 subiectum
411 447 450 483 in
482 445 602 483 altera
631 450 740 496 parte
771 451 856 495 post
887 456 1083 481 caesuram
1114 443 1279 481 habent:

285 515 355 562 IV,
391 517 469 552 170
703 526 827 564 neque
858 515 958 550 enim
990 515 1116 564 speeie
1146 513 1297 550 famave
1326 520 1500 551 movetur

501 597 572 621 nec
604 586 680 621 iann
712 584 891 620 furtivom
921 581 924 635 Ι
954 582 1091 620 Dido
1122 582 1331 621 meditatur
1363 596 1539 621 amorem.

169 668 264 692 unns
306 654 411 692 locus
443 653 626 692 Aeneidis
649 651 676 703 ¹)
720 668 794 704 qno
837 653 1048 690 subiectum
1094 650 1130 692 ἀ.
1154 666 1198 701 γ..
1238 654 1405 704 positum
1439 667 1515 690 non
1547 653 1685 690 hal-eat

167 736 374 774 pronomen
418 723 478 761 vel
521 723 786 761 attributivum
835 725 1082 773 praemissum
1134 736 1257 774 neque
1308 728 1434 760 tamen
1477 728 1561 774 post
1605 738 1686 760 cae-

170 804 295 830 suram
326 793 487 843 legatur,
520 800 576 831 est
609 793 704 831 Aen.
739 792 808 839 IV,
844 794 922 830 153
956 806 1039 843 sq.:

831 862 908 899 alia
939 861 987 900 de
1018 868 1125 913 parte
1157 864 1324 913 patentis

339 934 603 969 transmittunt
634 946 747 970 cursu
780 945 934 983 campos
966 938 1080 983 atque
1113 933 1269 981 agmina
1298 934 1446 969 cervi

342 1002 605 1054 pulverulenta
638 1003 728 1052 fuga
760 1003 974 1053 glomerant
1007 1004 1223 1053 montisque
1254 1002 1482 1053 relinquunt.

168 1078 282 1123 atque
313 1072 474 1109 consilio
507 1072 682 1123 equidem
716 1072 788 1117 vel,
835 1074 865 1108 si
899 1074 1032 1117 mavis,
1079 1071 1318 1109 divinatione
1352 1071 1517 1122 quadam
1551 1070 1687 1107 ductus

167 1147 281 1192 poeta
311 1154 355 1179 eo
386 1141 518 1179 ordine
550 1156 639 1179 usus
670 1148 736 1188 est,
783 1155 858 1192 qno
899 1143 1021 1189 inagis
1058 1141 1234 1179 celeritas
1277 1148 1312 1178 et
1357 1141 1524 1178 turbatio
1557 1142 1684 1189 gregis<

166 1224 360 1249 cervorum
391 1210 682 1253 describeretur,
716 1212 818 1249 velut
851 1211 1020 1249 diceret:
1053 1210 1198 1262 aliquid
1234 1225 1388 1261 vumpos
1420 1224 1532 1247 cursu
1565 1217 1685 1247 trans-

167 1282 284 1319 mittit
324 1287 437 1332 atque
484 1283 638 1332 agmina
679 1281 945 1332 pulverulenta
974 1281 1066 1331 fuga
1098 1281 1284 1331 glomerat
1316 1287 1540 1331 montesque
1573 1280 1686 1317 relin-

166 1353 260 1402 quit,
311 1364 446 1402 nempe
478 1353 592 1391 cervi.
643 1351 787 1389 scilieet
818 1353 935 1388 motio
967 1350 1216 1389 describenda
1250 1356 1447 1402 tantopere
1479 1349 1688 1400 praevalet,

166 1426 208 1458 ut
237 1422 310 1471 ipsi
342 1422 433 1457 moti
466 1423 572 1471 quasi
607 1421 732 1459 obiter
762 1426 908 1458 tantum
941 1419 1166 1458 indicentur.

284 1490 345 1527 Ex
377 1492 664 1540 georgicis
695 1491 768 1528 huc
799 1493 992 1541 pertinet:

224 1573 258 1610 g.
292 1560 368 1607 III,
402 1562 453 1598 87
1135 1566 1322 1611 cavatque

484 1629 658 1668 tellurem
691 1636 728 1668 et
758 1630 883 1668 solido
914 1632 1086 1680 graviter
1118 1635 1229 1667 sonat
1260 1629 1403 1679 ungula
1436 1643 1562 1666 cornu.

167 1698 233 1737 sed
264 1699 299 1737 h.
333 1699 355 1736 l.
387 1704 528 1748 4ιωιφιῖιι
560 1700 773 1738 subiectum
806 1698 883 1740 ἀπὸ
916 1704 1051 1740 κοινοῦ
1082 1706 1192 1746 stare,
1245 1701 1425 1750 quoniam
1471 1705 1553 1749 post
1603 1711 1684 1736 ver-

171 1769 258 1806 bum
291 1769 450 1806 alterum
482 1772 520 1808 in
552 1770 626 1807 fine
659 1772 824 1820 positum
856 1776 923 1814 est,
964 1772 1030 1807 vix
1063 1769 1138 1807 diei
1172 1775 1308 1820 potest,
1342 1754 1413 1805 nisi
1449 1768 1549 1820 quod
1583 1768 1685 1805 abla-

167 1840 268 1876 tivus
315 1852 429 1877 cornu
472 1841 643 1890 sequitur
683 1841 789 1891 isque
832 1841 906 1876 iam
951 1839 999 1877 ab
1030 1839 1222 1876 adiectivo
1254 1852 1298 1876 eo
1332 1840 1543 1889 pertinente
1578 1844 1615 1875 et
1646 1839 1685 1874 in

173 1921 327 1946 caesura
371 1911 496 1960 posito
542 1913 654 1946 solido
709 1922 829 1960 usqne
878 1914 1132 1960 exspectatus.
1194 1907 1371 1945 omnibus
1413 1909 1548 1945 ceteris
1592 1908 1685 1944 loeis

168 1979 299 2028 eisque
343 1979 464 2016 multo
506 1979 678 2029 pluribus
723 1985 788 2015 aut
820 1992 1024 2030 pronomen
1059 1977 1214 2029 aliquod
1247 1984 1312 2015 aut
1344 1978 1609 2015 attributivum
1642 1990 1686 2015 eo

171 2048 364 2098 pertinens
394 2050 431 2085 in
466 2050 591 2099 priore
622 2048 791 2085 membro
825 2051 1073 2099 praemissum
1095 2055 1173 2094 est3
1205 2047 1252 2085 de
1273 2047 1411 2098 quibus
1433 2048 1531 2085 infra
1553 2046 1684 2098 dispu-

169 2117 345 2163 tabimus,
391 2117 454 2155 ubi
488 2117 709 2165 viderimus,
739 2132 837 2169 quae
868 2120 966 2156 ratio
997 2120 1045 2155 sit
1077 2117 1177 2169 apud
1214 2118 1443 2157 Lucretium,
1487 2116 1683 2164 Ovidium,

168 2192 322 2224 ceteros.
437 2234 442 2237 ἡ

285 2255 413 2306 Atque
456 2267 502 2291 ex
536 2254 777 2292 Lucretio
820 2259 896 2291 tres
943 2254 1014 2291 loei
1061 2253 1135 2290 hue
1173 2254 1384 2305 pertinent,
1431 2265 1592 2304 quorum
1633 2265 1681 2290 ne

168 2338 267 2362 unus
298 2323 450 2376 quidem
490 2325 653 2375 speeiem
699 2323 815 2361 habet
855 2323 955 2374 apud
989 2322 1203 2372 Vergilium
1250 2322 1556 2373 frequentiorem,
1608 2335 1681 2372 qua

170 2394 382 2432 subiectum
427 2399 513 2445 post
563 2407 756 2432 caesuram
808 2395 1036 2431 inveniatur.
1118 2405 1203 2430 cum
1253 2393 1517 2442 georgicorum
1570 2403 1682 2428 versu

171 2477 287 2515 supra
317 2462 509 2514 adscripto
541 2465 754 2514 comparari
784 2468 937 2514 potest:

267 2647 301 2690 1)
328 2647 415 2681 Aen.
443 2646 504 2689 XI,
531 2647 599 2680 858
625 2645 715 2680 dixit
741 2652 776 2681 et
802 2651 932 2681 aurata
958 2646 1136 2681 volucrem
1162 2646 1336 2681 Threissa
1361 2646 1530 2690 sagittam

631 2704 856 2750 deprompsit
880 2705 1065 2748 pharetra,

167 2766 237 2801 huc.
262 2765 408 2800 trahere
435 2775 505 2798 non
531 2763 634 2807 lieet,
671 2764 837 2807 quoniam
866 2775 909 2798 ex
935 2763 1023 2807 ipsis
1049 2763 1166 2798 verbis
1193 2763 1489 2799 antecedentibus
1527 2767 1680 2809 apparet.

169 2823 264 2872 quod
291 2823 337 2863 sit
364 2822 564 2863 subiectum
591 2821 636 2857 ad
661 2822 763 2868 prius
789 2822 936 2857 verbum
961 2821 1085 2867 (dizit)
1112 2820 1360 2868 supplendum.
