<?xml version="1.0" encoding="UTF-8"?>
<!DOCTYPE html PUBLIC "-//W3C//DTD XHTML 1.0 Transitional//EN"
    "http://www.w3.org/TR/xhtml1/DTD/xhtml1-transitional.dtd">
<html xmlns="http://www.w3.org/1999/xhtml" xml:lang="en" lang="en">
 <head>
  <title>
</title>
<meta http-equiv="Content-Type" content="text/html;charset=utf-8" />
  <meta name='ocr-system' content='tesseract 3.04.00' />
  <meta name='ocr-capabilities' content='ocr_page ocr_carea ocr_par ocr_line ocrx_word'/>
</head>
<body>
  <div class='ocr_page' id='page_1' title='image "./devirgiliisermon00druoft_0086.png"; bbox 0 0 1923 3110; ppageno 0'>
   <div class='ocr_carea' id='block_1_1' title="bbox 922 114 971 151">
    <p class='ocr_par' dir='ltr' id='par_1_1' title="bbox 922 114 971 151">
     <span class='ocr_line' id='line_1_1' title="bbox 922 114 971 151; baseline 0.02 -1"><span class='ocrx_word' id='word_1_1' title='bbox 922 114 971 151; x_wconf 73' lang='lat'>76</span> 
     </span>
    </p>
   </div>
   <div class='ocr_carea' id='block_1_2' title="bbox 170 223 1697 1677">
    <p class='ocr_par' dir='ltr' id='par_1_2' title="bbox 180 223 1697 334">
     <span class='ocr_line' id='line_1_2' title="bbox 180 223 1697 284; baseline 0.009 -27"><span class='ocrx_word' id='word_1_2' title='bbox 180 223 352 260; x_wconf 80' lang='lat' dir='ltr'>imitatus</span> <span class='ocrx_word' id='word_1_3' title='bbox 375 230 442 272; x_wconf 84' lang='lat' dir='ltr'>est,</span> <span class='ocrx_word' id='word_1_4' title='bbox 474 230 514 262; x_wconf 93' lang='lat' dir='ltr'>ut</span> <span class='ocrx_word' id='word_1_5' title='bbox 536 225 768 265; x_wconf 83' lang='lat' dir='ltr'>adiectivum</span> <span class='ocrx_word' id='word_1_6' title='bbox 790 232 923 277; x_wconf 64' lang='lat' dir='ltr'>loquaw</span> <span class='ocrx_word' id='word_1_7' title='bbox 945 242 1027 267; x_wconf 85' lang='lat' dir='ltr'>cum</span> <span class='ocrx_word' id='word_1_8' title='bbox 1051 234 1176 280; x_wconf 70' lang='lat' dir='ltr'>cyqnis</span> <span class='ocrx_word' id='word_1_9' title='bbox 1208 231 1460 279; x_wconf 79' lang='lat' dir='ltr'>coniunxerit,</span> <span class='ocrx_word' id='word_1_10' title='bbox 1491 232 1594 284; x_wconf 89' lang='lat' dir='ltr'>quod</span> <span class='ocrx_word' id='word_1_11' title='bbox 1626 233 1697 272; x_wconf 85' lang='lat' dir='ltr'>hoc</span> 
     </span>
     <span class='ocr_line' id='line_1_3' title="bbox 181 291 629 334; baseline 0.013 -6"><span class='ocrx_word' id='word_1_12' title='bbox 181 291 294 330; x_wconf 90' lang='lat' dir='ltr'>modo</span> <span class='ocrx_word' id='word_1_13' title='bbox 326 293 450 332; x_wconf 85' lang='lat' dir='ltr'>effecit</span> <span class='ocrx_word' id='word_1_14' title='bbox 481 308 517 334; x_wconf 90' lang='lat' dir='ltr'>v.</span> <span class='ocrx_word' id='word_1_15' title='bbox 553 298 629 334; x_wconf 77' lang='lat'>85:</span> 
     </span>
    </p>

    <p class='ocr_par' dir='ltr' id='par_1_3' title="bbox 594 367 1125 418">
     <span class='ocr_line' id='line_1_4' title="bbox 594 367 1125 418; baseline 0.008 -16"><span class='ocrx_word' id='word_1_16' title='bbox 594 367 669 403; x_wconf 90' lang='lat' dir='ltr'>iam</span> <span class='ocrx_word' id='word_1_17' title='bbox 703 367 883 418; x_wconf 82' lang='lat' dir='ltr'>loquaces</span> <span class='ocrx_word' id='word_1_18' title='bbox 915 381 979 406; x_wconf 86' lang='lat' dir='ltr'>ore</span> <span class='ocrx_word' id='word_1_19' title='bbox 1010 382 1125 406; x_wconf 82' lang='lat' dir='ltr'>rauco</span> 
     </span>
    </p>

    <p class='ocr_par' dir='ltr' id='par_1_4' title="bbox 595 440 1165 489">
     <span class='ocr_line' id='line_1_5' title="bbox 595 440 1165 489; baseline 0.005 -16"><span class='ocrx_word' id='word_1_20' title='bbox 595 442 731 486; x_wconf 80' lang='lat' dir='ltr'>stagna</span> <span class='ocrx_word' id='word_1_21' title='bbox 763 440 877 488; x_wconf 76' lang='lat' dir='ltr'>cygni</span> <span class='ocrx_word' id='word_1_22' title='bbox 912 445 1165 489; x_wconf 84' lang='lat' dir='ltr'>perstrepunt.</span> 
     </span>
    </p>

    <p class='ocr_par' dir='ltr' id='par_1_5' title="bbox 175 503 1697 1109">
     <span class='ocr_line' id='line_1_6' title="bbox 297 503 1697 556; baseline 0.005 -16"><span class='ocrx_word' id='word_1_23' title='bbox 297 503 491 541; x_wconf 84' lang='lat' dir='ltr'><strong>Abhorret</strong></span> <span class='ocrx_word' id='word_1_24' title='bbox 534 511 662 543; x_wconf 86' lang='lat' dir='ltr'>autem</span> <span class='ocrx_word' id='word_1_25' title='bbox 695 507 892 556; x_wconf 76' lang='lat' dir='ltr'>Vergilius</span> <span class='ocrx_word' id='word_1_26' title='bbox 933 508 981 545; x_wconf 82' lang='lat' dir='ltr'>ab</span> <span class='ocrx_word' id='word_1_27' title='bbox 1025 508 1188 546; x_wconf 81' lang='lat' dir='ltr'>audacia</span> <span class='ocrx_word' id='word_1_28' title='bbox 1227 510 1390 547; x_wconf 81' lang='lat' dir='ltr'>mirabili</span> <span class='ocrx_word' id='word_1_29' title='bbox 1433 510 1697 548; x_wconf 77' lang='lat' dir='ltr'>translationis</span> 
     </span>
     <span class='ocr_line' id='line_1_7' title="bbox 181 573 1696 630; baseline 0.006 -22"><span class='ocrx_word' id='word_1_30' title='bbox 181 573 374 622; x_wconf 83' lang='lat' dir='ltr'>epicorum</span> <span class='ocrx_word' id='word_1_31' title='bbox 405 577 630 624; x_wconf 87' lang='lat' dir='ltr'>posterioris</span> <span class='ocrx_word' id='word_1_32' title='bbox 662 579 811 621; x_wconf 73' lang='lat' dir='ltr'>aetatis.v</span> <span class='ocrx_word' id='word_1_33' title='bbox 853 579 960 614; x_wconf 84' lang='lat' dir='ltr'>cuius</span> <span class='ocrx_word' id='word_1_34' title='bbox 1000 592 1120 629; x_wconf 82' lang='lat' dir='ltr'>pauca</span> <span class='ocrx_word' id='word_1_35' title='bbox 1165 580 1342 630; x_wconf 85' lang='lat' dir='ltr'>exempla</span> <span class='ocrx_word' id='word_1_36' title='bbox 1381 593 1427 617; x_wconf 84' lang='lat' dir='ltr'>ex</span> <span class='ocrx_word' id='word_1_37' title='bbox 1461 580 1558 618; x_wconf 77' lang='lat' dir='ltr'>Stati</span> <span class='ocrx_word' id='word_1_38' title='bbox 1591 579 1696 617; x_wconf 83' lang='lat' dir='ltr'>The-</span> 
     </span>
     <span class='ocr_line' id='line_1_8' title="bbox 179 640 1695 698; baseline 0.007 -21"><span class='ocrx_word' id='word_1_39' title='bbox 179 640 292 679; x_wconf 87' lang='lat' dir='ltr'>baide</span> <span class='ocrx_word' id='word_1_40' title='bbox 323 641 562 682; x_wconf 83' lang='lat' dir='ltr'>adscribam:</span> <span class='ocrx_word' id='word_1_41' title='bbox 610 646 652 691; x_wconf 84' lang='lat' dir='ltr'>V,</span> <span class='ocrx_word' id='word_1_42' title='bbox 691 648 738 683; x_wconf 84' lang='lat'>13</span> <span class='ocrx_word' id='word_1_43' title='bbox 772 646 818 683; x_wconf 84' lang='lat' dir='ltr'>de</span> <span class='ocrx_word' id='word_1_44' title='bbox 851 647 986 684; x_wconf 75' lang='lat' dir='ltr'>avibus</span> <span class='ocrx_word' id='word_1_45' title='bbox 1018 647 1162 685; x_wconf 86' lang='lat' dir='ltr'>dictum</span> <span class='ocrx_word' id='word_1_46' title='bbox 1194 655 1272 686; x_wconf 81' lang='lat' dir='ltr'>est:</span> <span class='ocrx_word' id='word_1_47' title='bbox 1311 653 1391 687; x_wconf 77' lang='lat' dir='ltr'>illae</span> <span class='ocrx_word' id='word_1_48' title='bbox 1433 654 1599 698; x_wconf 71' lang='lat' dir='ltr'>danyore</span> <span class='ocrx_word' id='word_1_49' title='bbox 1634 654 1695 696; x_wconf 79' lang='lat' dir='ltr'>fu-</span> 
     </span>
     <span class='ocr_line' id='line_1_9' title="bbox 176 715 1694 771; baseline 0.005 -23"><span class='ocrx_word' id='word_1_50' title='bbox 176 715 286 758; x_wconf 72' lang='lat' dir='ltr'>yaci.</span> <span class='ocrx_word' id='word_1_51' title='bbox 321 742 328 750; x_wconf 87' lang='lat'><strong>.</strong></span> <span class='ocrx_word' id='word_1_52' title='bbox 361 743 368 750; x_wconf 93' lang='lat'><em>.</em></span> <span class='ocrx_word' id='word_1_53' title='bbox 404 718 551 751; x_wconf 76' lang='lat' dir='ltr'>,volant</span> <span class='ocrx_word' id='word_1_54' title='bbox 582 715 646 751; x_wconf 88' lang='lat' dir='ltr'>nbi</span> <span class='ocrx_word' id='word_1_55' title='bbox 679 728 758 754; x_wconf 88' lang='lat' dir='ltr'>non</span> <span class='ocrx_word' id='word_1_56' title='bbox 790 718 871 766; x_wconf 86' lang='lat' dir='ltr'>ipse</span> <span class='ocrx_word' id='word_1_57' title='bbox 903 716 1061 766; x_wconf 79' lang='lat' dir='ltr'>clangor</span> <span class='ocrx_word' id='word_1_58' title='bbox 1093 717 1324 771; x_wconf 77' lang='lat' dir='ltr'>describitur</span> <span class='ocrx_word' id='word_1_59' title='bbox 1355 725 1395 755; x_wconf 93' lang='lat' dir='ltr'>ut</span> <span class='ocrx_word' id='word_1_60' title='bbox 1428 718 1561 769; x_wconf 77' lang='lat' dir='ltr'>fugax,</span> <span class='ocrx_word' id='word_1_61' title='bbox 1594 718 1694 770; x_wconf 88' lang='lat' dir='ltr'>quod</span> 
     </span>
     <span class='ocr_line' id='line_1_10' title="bbox 180 781 1689 837; baseline 0.005 -19"><span class='ocrx_word' id='word_1_62' title='bbox 180 787 279 819; x_wconf 88' lang='lat' dir='ltr'>esset</span> <span class='ocrx_word' id='word_1_63' title='bbox 311 781 478 820; x_wconf 86' lang='lat' dir='ltr'>caducus</span> <span class='ocrx_word' id='word_1_64' title='bbox 521 784 583 821; x_wconf 86' lang='lat' dir='ltr'>vel</span> <span class='ocrx_word' id='word_1_65' title='bbox 627 784 766 831; x_wconf 63' lang='lat' dir='ltr'>brevis7</span> <span class='ocrx_word' id='word_1_66' title='bbox 809 785 875 822; x_wconf 88' lang='lat' dir='ltr'>sed</span> <span class='ocrx_word' id='word_1_67' title='bbox 907 786 1066 836; x_wconf 78' lang='lat' dir='ltr'>clangor</span> <span class='ocrx_word' id='word_1_68' title='bbox 1109 793 1165 824; x_wconf 92' lang='lat' dir='ltr'>est</span> <span class='ocrx_word' id='word_1_69' title='bbox 1196 787 1411 837; x_wconf 79' lang='lat' dir='ltr'>fugacium3</span> <span class='ocrx_word' id='word_1_70' title='bbox 1453 794 1490 826; x_wconf 87' lang='lat' dir='ltr'>et</span> <span class='ocrx_word' id='word_1_71' title='bbox 1524 789 1567 832; x_wconf 79' lang='lat' dir='ltr'>V,</span> <span class='ocrx_word' id='word_1_72' title='bbox 1613 791 1689 826; x_wconf 81' lang='lat'>541</span> 
     </span>
     <span class='ocr_line' id='line_1_11' title="bbox 180 855 1695 909; baseline 0.005 -21"><span class='ocrx_word' id='word_1_73' title='bbox 180 855 333 889; x_wconf 69' lang='lat' dir='ltr'>moriens</span> <span class='ocrx_word' id='word_1_74' title='bbox 362 857 515 901; x_wconf 67' lang='lat' dir='ltr'>vayitus,</span> <span class='ocrx_word' id='word_1_75' title='bbox 558 867 790 905; x_wconf 81' lang='lat' dir='ltr'>quamquam</span> <span class='ocrx_word' id='word_1_76' title='bbox 831 856 945 892; x_wconf 86' lang='lat' dir='ltr'>etiam</span> <span class='ocrx_word' id='word_1_77' title='bbox 989 855 1064 893; x_wconf 87' lang='lat' dir='ltr'>dici</span> <span class='ocrx_word' id='word_1_78' title='bbox 1111 862 1237 907; x_wconf 85' lang='lat' dir='ltr'>potest</span> <span class='ocrx_word' id='word_1_79' title='bbox 1279 856 1327 895; x_wconf 91' lang='lat' dir='ltr'>de</span> <span class='ocrx_word' id='word_1_80' title='bbox 1368 871 1463 895; x_wconf 84' lang='lat' dir='ltr'>voce</span> <span class='ocrx_word' id='word_1_81' title='bbox 1506 857 1695 909; x_wconf 85' lang='lat' dir='ltr'>paulatim</span> 
     </span>
     <span class='ocr_line' id='line_1_12' title="bbox 176 923 1693 969; baseline 0.005 -12"><span class='ocrx_word' id='word_1_82' title='bbox 176 927 419 969; x_wconf 77' lang='lat' dir='ltr'>matesc-ente,</span> <span class='ocrx_word' id='word_1_83' title='bbox 456 923 529 960; x_wconf 88' lang='lat' dir='ltr'>hoe</span> <span class='ocrx_word' id='word_1_84' title='bbox 560 923 645 961; x_wconf 86' lang='lat' dir='ltr'>loco</span> <span class='ocrx_word' id='word_1_85' title='bbox 678 930 805 962; x_wconf 85' lang='lat' dir='ltr'>tamen</span> <span class='ocrx_word' id='word_1_86' title='bbox 837 925 950 962; x_wconf 87' lang='lat' dir='ltr'>simul</span> <span class='ocrx_word' id='word_1_87' title='bbox 982 924 1110 963; x_wconf 82' lang='lat' dir='ltr'><strong>dicere</strong></span> <span class='ocrx_word' id='word_1_88' title='bbox 1141 927 1223 963; x_wconf 86' lang='lat' dir='ltr'>vult</span> <span class='ocrx_word' id='word_1_89' title='bbox 1255 940 1388 965; x_wconf 87' lang='lat' dir='ltr'>vocem</span> <span class='ocrx_word' id='word_1_90' title='bbox 1419 941 1500 965; x_wconf 88' lang='lat' dir='ltr'>esse</span> <span class='ocrx_word' id='word_1_91' title='bbox 1531 929 1693 965; x_wconf 89' lang='lat' dir='ltr'>morien-</span> 
     </span>
     <span class='ocr_line' id='line_1_13' title="bbox 177 991 1691 1048; baseline 0.006 -22"><span class='ocrx_word' id='word_1_92' title='bbox 177 991 236 1026; x_wconf 86' lang='lat' dir='ltr'>tis.</span> <span class='ocrx_word' id='word_1_93' title='bbox 299 992 426 1028; x_wconf 86' lang='lat' dir='ltr'>omnia</span> <span class='ocrx_word' id='word_1_94' title='bbox 456 1005 582 1029; x_wconf 82' lang='lat' dir='ltr'>antem</span> <span class='ocrx_word' id='word_1_95' title='bbox 613 993 832 1031; x_wconf 85' lang='lat' dir='ltr'>huiusmodi</span> <span class='ocrx_word' id='word_1_96' title='bbox 866 994 970 1032; x_wconf 82' lang='lat' dir='ltr'>dicta</span> <span class='ocrx_word' id='word_1_97' title='bbox 1000 995 1113 1047; x_wconf 77' lang='lat' dir='ltr'>longe</span> <span class='ocrx_word' id='word_1_98' title='bbox 1144 996 1305 1034; x_wconf 79' lang='lat' dir='ltr'>audacia</span> <span class='ocrx_word' id='word_1_99' title='bbox 1338 1003 1491 1048; x_wconf 81' lang='lat' dir='ltr'>superat</span> <span class='ocrx_word' id='word_1_100' title='bbox 1522 997 1691 1035; x_wconf 82' lang='lat' dir='ltr'>Thebai-</span> 
     </span>
     <span class='ocr_line' id='line_1_14' title="bbox 175 1058 636 1109; baseline 0.015 -14"><span class='ocrx_word' id='word_1_101' title='bbox 175 1058 234 1096; x_wconf 89' lang='lat' dir='ltr'>dis</span> <span class='ocrx_word' id='word_1_102' title='bbox 269 1072 403 1098; x_wconf 77' lang='lat' dir='ltr'>versus</span> <span class='ocrx_word' id='word_1_103' title='bbox 434 1061 501 1109; x_wconf 80' lang='lat' dir='ltr'>IV,</span> <span class='ocrx_word' id='word_1_104' title='bbox 535 1064 636 1101; x_wconf 74' lang='lat'>387:</span> 
     </span>
    </p>

    <p class='ocr_par' dir='ltr' id='par_1_6' title="bbox 170 1139 1688 1470">
     <span class='ocr_line' id='line_1_15' title="bbox 902 1139 1468 1189; baseline 0.004 -14"><span class='ocrx_word' id='word_1_105' title='bbox 902 1152 1029 1175; x_wconf 84' lang='lat' dir='ltr'>caram</span> <span class='ocrx_word' id='word_1_106' title='bbox 1060 1139 1174 1176; x_wconf 84' lang='lat' dir='ltr'>modo</span> <span class='ocrx_word' id='word_1_107' title='bbox 1207 1140 1316 1177; x_wconf 89' lang='lat' dir='ltr'>lactis</span> <span class='ocrx_word' id='word_1_108' title='bbox 1349 1153 1468 1189; x_wconf 82' lang='lat' dir='ltr'>egeno</span> 
     </span>
     <span class='ocr_line' id='line_1_16' title="bbox 584 1209 1178 1260; baseline 0.005 -14"><span class='ocrx_word' id='word_1_109' title='bbox 584 1211 772 1247; x_wconf 80' lang='lat' dir='ltr'>nutricem</span> <span class='ocrx_word' id='word_1_110' title='bbox 805 1209 984 1259; x_wconf 80' lang='lat' dir='ltr'>clangore</span> <span class='ocrx_word' id='word_1_111' title='bbox 1003 1209 1031 1260; x_wconf 75' lang='lat'>¹)</span> <span class='ocrx_word' id='word_1_112' title='bbox 1064 1213 1178 1258; x_wconf 76' lang='lat' dir='ltr'>ciens,</span> 
     </span>
     <span class='ocr_line' id='line_1_17' title="bbox 170 1276 1688 1332; baseline 0.005 -20"><span class='ocrx_word' id='word_1_113' title='bbox 170 1289 244 1327; x_wconf 82' lang='lat' dir='ltr'>quo</span> <span class='ocrx_word' id='word_1_114' title='bbox 289 1276 372 1314; x_wconf 81' lang='lat' dir='ltr'>loco</span> <span class='ocrx_word' id='word_1_115' title='bbox 414 1277 596 1316; x_wconf 82' lang='lat' dir='ltr'>audacter</span> <span class='ocrx_word' id='word_1_116' title='bbox 637 1283 784 1327; x_wconf 66' lang='lat' dir='ltr'>clanyor</span> <span class='ocrx_word' id='word_1_117' title='bbox 827 1294 959 1328; x_wconf 64' lang='lat' dir='ltr'>eyewos</span> <span class='ocrx_word' id='word_1_118' title='bbox 988 1285 1091 1319; x_wconf 75' lang='lat' dir='ltr'>lactis</span> <span class='ocrx_word' id='word_1_119' title='bbox 1130 1281 1275 1319; x_wconf 84' lang='lat' dir='ltr'>dictum</span> <span class='ocrx_word' id='word_1_120' title='bbox 1316 1287 1373 1319; x_wconf 87' lang='lat' dir='ltr'>est</span> <span class='ocrx_word' id='word_1_121' title='bbox 1411 1295 1478 1332; x_wconf 88' lang='lat' dir='ltr'>pro</span> <span class='ocrx_word' id='word_1_122' title='bbox 1523 1286 1688 1331; x_wconf 73' lang='lat' dir='ltr'>clcmyore</span> 
     </span>
     <span class='ocr_line' id='line_1_18' title="bbox 171 1350 1688 1401; baseline 0.005 -20"><span class='ocrx_word' id='word_1_123' title='bbox 171 1350 274 1393; x_wconf 53' lang='lat' dir='ltr'>esseni</span> <span class='ocrx_word' id='word_1_124' title='bbox 304 1350 406 1385; x_wconf 73' lang='lat' dir='ltr'>lactis</span> <span class='ocrx_word' id='word_1_125' title='bbox 437 1352 478 1393; x_wconf 79' lang='lat' dir='ltr'>(i.</span> <span class='ocrx_word' id='word_1_126' title='bbox 512 1363 537 1386; x_wconf 87' lang='lat' dir='ltr'>e.</span> <span class='ocrx_word' id='word_1_127' title='bbox 571 1354 658 1396; x_wconf 70' lang='lat' dir='ltr'>eins,</span> <span class='ocrx_word' id='word_1_128' title='bbox 695 1355 757 1398; x_wconf 73' lang='lat' dir='ltr'>qui</span> <span class='ocrx_word' id='word_1_129' title='bbox 788 1354 889 1388; x_wconf 70' lang='lat' dir='ltr'>lactis</span> <span class='ocrx_word' id='word_1_130' title='bbox 921 1365 1053 1399; x_wconf 73' lang='lat' dir='ltr'>egyenns</span> <span class='ocrx_word' id='word_1_131' title='bbox 1085 1352 1199 1401; x_wconf 51' lang='grc' dir='ltr'>(ηπῶς</span> <span class='ocrx_word' id='word_1_132' title='bbox 1241 1358 1368 1389; x_wconf 76' lang='lat' dir='ltr'>tamen</span> <span class='ocrx_word' id='word_1_133' title='bbox 1411 1353 1493 1389; x_wconf 84' lang='lat' dir='ltr'>iure</span> <span class='ocrx_word' id='word_1_134' title='bbox 1540 1357 1688 1389; x_wconf 84' lang='lat' dir='ltr'>coniec-</span> 
     </span>
     <span class='ocr_line' id='line_1_19' title="bbox 173 1417 1095 1470; baseline 0.01 -19"><span class='ocrx_word' id='word_1_135' title='bbox 173 1424 257 1452; x_wconf 86' lang='lat' dir='ltr'>tura</span> <span class='ocrx_word' id='word_1_136' title='bbox 288 1417 550 1455; x_wconf 80' lang='lat' dir='ltr'>Friesemanni</span> <span class='ocrx_word' id='word_1_137' title='bbox 582 1434 714 1467; x_wconf 59' lang='lat' dir='ltr'>egenus</span> <span class='ocrx_word' id='word_1_138' title='bbox 745 1434 820 1457; x_wconf 89' lang='lat' dir='ltr'>non</span> <span class='ocrx_word' id='word_1_139' title='bbox 853 1422 1034 1470; x_wconf 85' lang='lat' dir='ltr'>recipitur</span> <span class='ocrx_word' id='word_1_140' title='bbox 1052 1421 1095 1467; x_wconf 71' lang='lat'>²).</span> 
     </span>
    </p>

    <p class='ocr_par' dir='ltr' id='par_1_7' title="bbox 171 1486 1688 1677">
     <span class='ocr_line' id='line_1_20' title="bbox 290 1486 1688 1542; baseline 0.004 -19"><span class='ocrx_word' id='word_1_141' title='bbox 290 1486 590 1539; x_wconf 81' lang='lat' dir='ltr'>Nonnumquam</span> <span class='ocrx_word' id='word_1_142' title='bbox 622 1489 675 1535; x_wconf 85' lang='lat' dir='ltr'>fit,</span> <span class='ocrx_word' id='word_1_143' title='bbox 719 1496 761 1527; x_wconf 89' lang='lat' dir='ltr'>ut</span> <span class='ocrx_word' id='word_1_144' title='bbox 804 1489 1049 1538; x_wconf 83' lang='lat' dir='ltr'>adiectivum,</span> <span class='ocrx_word' id='word_1_145' title='bbox 1090 1491 1194 1542; x_wconf 86' lang='lat' dir='ltr'>quod</span> <span class='ocrx_word' id='word_1_146' title='bbox 1248 1491 1297 1528; x_wconf 91' lang='lat' dir='ltr'>ad</span> <span class='ocrx_word' id='word_1_147' title='bbox 1338 1491 1529 1529; x_wconf 88' lang='lat' dir='ltr'>obiectum</span> <span class='ocrx_word' id='word_1_148' title='bbox 1561 1493 1688 1542; x_wconf 89' lang='lat' dir='ltr'>potius</span> 
     </span>
     <span class='ocr_line' id='line_1_21' title="bbox 171 1558 1685 1612; baseline 0.003 -19"><span class='ocrx_word' id='word_1_149' title='bbox 171 1562 449 1607; x_wconf 69' lang='lat' dir='ltr'>exspectamus,</span> <span class='ocrx_word' id='word_1_150' title='bbox 493 1558 591 1596; x_wconf 83' lang='lat' dir='ltr'>alius</span> <span class='ocrx_word' id='word_1_151' title='bbox 623 1573 733 1597; x_wconf 84' lang='lat' dir='ltr'>casus</span> <span class='ocrx_word' id='word_1_152' title='bbox 766 1562 908 1597; x_wconf 90' lang='lat' dir='ltr'>nomini</span> <span class='ocrx_word' id='word_1_153' title='bbox 942 1563 1053 1612; x_wconf 82' lang='lat' dir='ltr'>eique</span> <span class='ocrx_word' id='word_1_154' title='bbox 1084 1561 1132 1599; x_wconf 89' lang='lat' dir='ltr'>ab</span> <span class='ocrx_word' id='word_1_155' title='bbox 1165 1562 1312 1599; x_wconf 88' lang='lat' dir='ltr'>obiecto</span> <span class='ocrx_word' id='word_1_156' title='bbox 1345 1575 1420 1599; x_wconf 84' lang='lat' dir='ltr'>non</span> <span class='ocrx_word' id='word_1_157' title='bbox 1453 1561 1685 1612; x_wconf 85' lang='lat' dir='ltr'>dependenti</span> 
     </span>
     <span class='ocr_line' id='line_1_22' title="bbox 172 1624 938 1677; baseline 0.008 -16"><span class='ocrx_word' id='word_1_158' title='bbox 172 1624 362 1663; x_wconf 87' lang='lat' dir='ltr'>adiectum</span> <span class='ocrx_word' id='word_1_159' title='bbox 396 1629 455 1674; x_wconf 86' lang='lat' dir='ltr'>sit,</span> <span class='ocrx_word' id='word_1_160' title='bbox 487 1628 594 1666; x_wconf 87' lang='lat' dir='ltr'>velut</span> <span class='ocrx_word' id='word_1_161' title='bbox 624 1629 720 1666; x_wconf 87' lang='lat' dir='ltr'>Aen.</span> <span class='ocrx_word' id='word_1_162' title='bbox 752 1630 802 1677; x_wconf 78' lang='lat' dir='ltr'>II,</span> <span class='ocrx_word' id='word_1_163' title='bbox 839 1632 938 1667; x_wconf 79' lang='lat'>171:</span> 
     </span>
    </p>
   </div>
   <div class='ocr_carea' id='block_1_3' title="bbox 384 1709 1399 1761">
    <p class='ocr_par' dir='ltr' id='par_1_8' title="bbox 384 1709 1399 1761">
     <span class='ocr_line' id='line_1_23' title="bbox 384 1709 1399 1761; baseline 0.004 -16"><span class='ocrx_word' id='word_1_164' title='bbox 384 1721 454 1746; x_wconf 86' lang='lat' dir='ltr'>nec</span> <span class='ocrx_word' id='word_1_165' title='bbox 486 1709 612 1747; x_wconf 87' lang='lat' dir='ltr'>dubiis</span> <span class='ocrx_word' id='word_1_166' title='bbox 645 1724 688 1747; x_wconf 83' lang='lat' dir='ltr'>ea</span> <span class='ocrx_word' id='word_1_167' title='bbox 720 1713 829 1761; x_wconf 83' lang='lat' dir='ltr'>signa</span> <span class='ocrx_word' id='word_1_168' title='bbox 863 1711 968 1749; x_wconf 86' lang='lat' dir='ltr'>dedit</span> <span class='ocrx_word' id='word_1_169' title='bbox 1000 1712 1178 1749; x_wconf 83' lang='lat' dir='ltr'>Tritonia</span> <span class='ocrx_word' id='word_1_170' title='bbox 1209 1714 1399 1757; x_wconf 76' lang='lat' dir='ltr'>monstris,</span> 
     </span>
    </p>
   </div>
   <div class='ocr_carea' id='block_1_4' title="bbox 169 1789 1689 2121">
    <p class='ocr_par' dir='ltr' id='par_1_9' title="bbox 169 1789 1689 2121">
     <span class='ocr_line' id='line_1_24' title="bbox 170 1789 1685 1843; baseline 0.003 -18"><span class='ocrx_word' id='word_1_171' title='bbox 170 1791 296 1838; x_wconf 88' lang='lat' dir='ltr'>potius</span> <span class='ocrx_word' id='word_1_172' title='bbox 327 1797 613 1841; x_wconf 78' lang='lat' dir='ltr'>exspectamus:</span> <span class='ocrx_word' id='word_1_173' title='bbox 656 1807 727 1829; x_wconf 74' lang='lat' dir='ltr'>non</span> <span class='ocrx_word' id='word_1_174' title='bbox 759 1797 871 1831; x_wconf 71' lang='lat' dir='ltr'>dubia</span> <span class='ocrx_word' id='word_1_175' title='bbox 905 1801 1009 1831; x_wconf 71' lang='lat' dir='ltr'>erant</span> <span class='ocrx_word' id='word_1_176' title='bbox 1040 1799 1158 1841; x_wconf 64' lang='lat' dir='ltr'>siqua„</span> <span class='ocrx_word' id='word_1_177' title='bbox 1192 1807 1285 1842; x_wconf 63' lang='lat' dir='ltr'>quoae</span> <span class='ocrx_word' id='word_1_178' title='bbox 1318 1798 1484 1831; x_wconf 73' lang='lat' dir='ltr'>monstris</span> <span class='ocrx_word' id='word_1_179' title='bbox 1516 1795 1616 1830; x_wconf 71' lang='lat' dir='ltr'>&lt;ledit</span> <span class='ocrx_word' id='word_1_180' title='bbox 1629 1789 1685 1843; x_wconf 79' lang='lat'>3);</span> 
     </span>
     <span class='ocr_line' id='line_1_25' title="bbox 173 1858 1688 1913; baseline 0.003 -19"><span class='ocrx_word' id='word_1_181' title='bbox 173 1858 285 1904; x_wconf 87' lang='lat' dir='ltr'><strong>VIII,</strong></span> <span class='ocrx_word' id='word_1_182' title='bbox 320 1861 398 1897; x_wconf 70' lang='lat'>209</span> <span class='ocrx_word' id='word_1_183' title='bbox 432 1875 475 1897; x_wconf 77' lang='lat' dir='ltr'>ne</span> <span class='ocrx_word' id='word_1_184' title='bbox 506 1876 580 1908; x_wconf 71' lang='lat' dir='ltr'>qua</span> <span class='ocrx_word' id='word_1_185' title='bbox 610 1866 729 1908; x_wconf 76' lang='lat' dir='ltr'>forent</span> <span class='ocrx_word' id='word_1_186' title='bbox 767 1867 924 1910; x_wconf 69' lang='lat' dir='ltr'>pedibus</span> <span class='ocrx_word' id='word_1_187' title='bbox 965 1868 1111 1910; x_wconf 61' lang='lat' dir='ltr'>restifsia</span> <span class='ocrx_word' id='word_1_188' title='bbox 1158 1869 1272 1908; x_wconf 78' lang='lat' dir='ltr'>re‹:tis‚</span> <span class='ocrx_word' id='word_1_189' title='bbox 1316 1862 1419 1913; x_wconf 83' lang='lat' dir='ltr'>quod</span> <span class='ocrx_word' id='word_1_190' title='bbox 1461 1869 1518 1900; x_wconf 87' lang='lat' dir='ltr'>est</span> <span class='ocrx_word' id='word_1_191' title='bbox 1552 1865 1688 1909; x_wconf 75' lang='lat' dir='ltr'>pedum</span> 
     </span>
     <span class='ocr_line' id='line_1_26' title="bbox 169 1931 1689 1981; baseline 0.003 -16"><span class='ocrx_word' id='word_1_192' title='bbox 169 1933 319 1977; x_wconf 56' lang='lat' dir='ltr'>‘restiyia</span> <span class='ocrx_word' id='word_1_193' title='bbox 350 1937 448 1967; x_wconf 67' lang='lat' dir='ltr'>reeta</span> <span class='ocrx_word' id='word_1_194' title='bbox 479 1937 515 1967; x_wconf 84' lang='lat' dir='ltr'>et</span> <span class='ocrx_word' id='word_1_195' title='bbox 539 1931 609 1978; x_wconf 77' lang='lat' dir='ltr'>XI,</span> <span class='ocrx_word' id='word_1_196' title='bbox 645 1934 723 1969; x_wconf 77' lang='lat'>573</span> <span class='ocrx_word' id='word_1_197' title='bbox 760 1940 867 1980; x_wconf 59' lang='lat' dir='ltr'>utque</span> <span class='ocrx_word' id='word_1_198' title='bbox 893 1937 1029 1980; x_wconf 72' lang='lat' dir='ltr'>pedum</span> <span class='ocrx_word' id='word_1_199' title='bbox 1058 1938 1189 1980; x_wconf 71' lang='lat' dir='ltr'>primis</span> <span class='ocrx_word' id='word_1_200' title='bbox 1222 1938 1346 1980; x_wconf 72' lang='lat' dir='ltr'>infans</span> <span class='ocrx_word' id='word_1_201' title='bbox 1378 1937 1523 1981; x_wconf 71' lang='lat' dir='ltr'>restigyia</span> <span class='ocrx_word' id='word_1_202' title='bbox 1554 1936 1689 1978; x_wconf 75' lang='lat' dir='ltr'>plantis</span> 
     </span>
     <span class='ocr_line' id='line_1_27' title="bbox 172 2002 1685 2054; baseline 0.003 -19"><span class='ocrx_word' id='word_1_203' title='bbox 172 2002 364 2047; x_wconf 66' lang='lat' dir='ltr'>institerat,</span> <span class='ocrx_word' id='word_1_204' title='bbox 396 2003 585 2038; x_wconf 83' lang='lat' dir='ltr'>sententia</span> <span class='ocrx_word' id='word_1_205' title='bbox 617 2008 696 2039; x_wconf 88' lang='lat' dir='ltr'>est:</span> <span class='ocrx_word' id='word_1_206' title='bbox 740 2002 880 2053; x_wconf 85' lang='lat' dir='ltr'>pedum</span> <span class='ocrx_word' id='word_1_207' title='bbox 923 2005 1049 2054; x_wconf 83' lang='lat' dir='ltr'>prima</span> <span class='ocrx_word' id='word_1_208' title='bbox 1094 2006 1258 2053; x_wconf 79' lang='lat' dir='ltr'>vestigia</span> <span class='ocrx_word' id='word_1_209' title='bbox 1302 2003 1442 2054; x_wconf 83' lang='lat' dir='ltr'>plantis</span> <span class='ocrx_word' id='word_1_210' title='bbox 1484 2004 1685 2040; x_wconf 81' lang='lat' dir='ltr'>institerat.</span> 
     </span>
     <span class='ocr_line' id='line_1_28' title="bbox 172 2068 1686 2121; baseline 0.002 -15"><span class='ocrx_word' id='word_1_211' title='bbox 172 2068 220 2106; x_wconf 78' lang='lat' dir='ltr'>ad</span> <span class='ocrx_word' id='word_1_212' title='bbox 253 2069 348 2107; x_wconf 89' lang='lat' dir='ltr'>Aen.</span> <span class='ocrx_word' id='word_1_213' title='bbox 373 2070 442 2116; x_wconf 70' lang='lat' dir='ltr'>IV,</span> <span class='ocrx_word' id='word_1_214' title='bbox 479 2074 557 2108; x_wconf 68' lang='lat'>180</span> <span class='ocrx_word' id='word_1_215' title='bbox 584 2075 740 2118; x_wconf 62' lang='lat' dir='ltr'>pedibus</span> <span class='ocrx_word' id='word_1_216' title='bbox 771 2077 912 2111; x_wconf 76' lang='lat' dir='ltr'>celerem</span> <span class='ocrx_word' id='word_1_217' title='bbox 935 2081 967 2110; x_wconf 81' lang='lat' dir='ltr'>et</span> <span class='ocrx_word' id='word_1_218' title='bbox 983 2077 1196 2121; x_wconf 71' lang='lat' dir='ltr'>pernicibus</span> <span class='ocrx_word' id='word_1_219' title='bbox 1217 2077 1295 2120; x_wconf 75' lang='lat' dir='ltr'>alis,</span> <span class='ocrx_word' id='word_1_220' title='bbox 1327 2073 1484 2111; x_wconf 86' lang='lat' dir='ltr'>Servius</span> <span class='ocrx_word' id='word_1_221' title='bbox 1506 2071 1686 2110; x_wconf 85' lang='lat' dir='ltr'>adnotat:</span> 
     </span>
    </p>
   </div>
   <div class='ocr_carea' id='block_1_5' title="bbox 171 2143 1688 2191">
    <p class='ocr_par' dir='ltr' id='par_1_10' title="bbox 171 2143 1688 2191">
     <span class='ocr_line' id='line_1_29' title="bbox 171 2143 1688 2191; baseline 0.003 -14"><span class='ocrx_word' id='word_1_222' title='bbox 171 2143 340 2178; x_wconf 64' lang='lat' dir='ltr'>convertit</span> <span class='ocrx_word' id='word_1_223' title='bbox 382 2154 505 2179; x_wconf 77' lang='lat' dir='ltr'>rerum</span> <span class='ocrx_word' id='word_1_224' title='bbox 547 2146 720 2190; x_wconf 73' lang='lat' dir='ltr'>epitheta:</span> <span class='ocrx_word' id='word_1_225' title='bbox 767 2158 854 2181; x_wconf 66' lang='lat' dir='ltr'>ozam</span> <span class='ocrx_word' id='word_1_226' title='bbox 904 2147 1056 2191; x_wconf 57' lang='lat' dir='ltr'>‘pernix’</span> <span class='ocrx_word' id='word_1_227' title='bbox 1095 2147 1232 2191; x_wconf 76' lang='lat' dir='ltr'>pedum</span> <span class='ocrx_word' id='word_1_228' title='bbox 1280 2150 1338 2190; x_wconf 75' lang='lat' dir='ltr'>est,</span> <span class='ocrx_word' id='word_1_229' title='bbox 1383 2150 1424 2181; x_wconf 75' lang='lat' dir='ltr'>ut</span> <span class='ocrx_word' id='word_1_230' title='bbox 1470 2146 1688 2191; x_wconf 75' lang='lat' dir='ltr'>‘pernicibus</span> 
     </span>
    </p>
   </div>
   <div class='ocr_carea' id='block_1_6' title="bbox 168 2334 1687 2851">
    <p class='ocr_par' dir='ltr' id='par_1_11' title="bbox 168 2334 1687 2607">
     <span class='ocr_line' id='line_1_30' title="bbox 271 2334 1687 2379; baseline 0 -11"><span class='ocrx_word' id='word_1_231' title='bbox 271 2336 303 2377; x_wconf 93' lang='lat' dir='ltr'>l)</span> <span class='ocrx_word' id='word_1_232' title='bbox 330 2335 495 2379; x_wconf 69' lang='lat' dir='ltr'>elanqore</span> <span class='ocrx_word' id='word_1_233' title='bbox 526 2336 560 2369; x_wconf 93' lang='lat' dir='ltr'>in</span> <span class='ocrx_word' id='word_1_234' title='bbox 595 2336 695 2370; x_wconf 81' lang='lat' dir='ltr'>codd.</span> <span class='ocrx_word' id='word_1_235' title='bbox 730 2335 807 2370; x_wconf 87' lang='lat' dir='ltr'>fere</span> <span class='ocrx_word' id='word_1_236' title='bbox 840 2337 1002 2371; x_wconf 85' lang='lat' dir='ltr'>omnibus</span> <span class='ocrx_word' id='word_1_237' title='bbox 1038 2335 1212 2370; x_wconf 82' lang='lat' dir='ltr'>traditum</span> <span class='ocrx_word' id='word_1_238' title='bbox 1239 2336 1406 2374; x_wconf 78' lang='lat' dir='ltr'>(clamore</span> <span class='ocrx_word' id='word_1_239' title='bbox 1432 2335 1467 2368; x_wconf 89' lang='lat' dir='ltr'>in</span> <span class='ocrx_word' id='word_1_240' title='bbox 1494 2334 1687 2377; x_wconf 87' lang='lat' dir='ltr'>Gudiano),</span> 
     </span>
     <span class='ocr_line' id='line_1_31' title="bbox 172 2393 1687 2437; baseline 0.001 -11"><span class='ocrx_word' id='word_1_241' title='bbox 172 2393 228 2426; x_wconf 82' lang='lat' dir='ltr'>cui</span> <span class='ocrx_word' id='word_1_242' title='bbox 262 2393 369 2428; x_wconf 88' lang='lat' dir='ltr'>etiam</span> <span class='ocrx_word' id='word_1_243' title='bbox 397 2394 600 2429; x_wconf 81' lang='lat' dir='ltr'>Kohlmann</span> <span class='ocrx_word' id='word_1_244' title='bbox 633 2396 875 2430; x_wconf 86' lang='lat' dir='ltr'>coniecturam</span> <span class='ocrx_word' id='word_1_245' title='bbox 917 2396 1059 2430; x_wconf 83' lang='lat' dir='ltr'>facilem</span> <span class='ocrx_word' id='word_1_246' title='bbox 1100 2395 1312 2429; x_wconf 87' lang='lat' dir='ltr'>Baehrensii</span> <span class='ocrx_word' id='word_1_247' title='bbox 1343 2394 1528 2437; x_wconf 84' lang='lat' dir='ltr'>praetulit,</span> <span class='ocrx_word' id='word_1_248' title='bbox 1567 2398 1687 2428; x_wconf 82' lang='lat' dir='ltr'>tamen</span> 
     </span>
     <span class='ocr_line' id='line_1_32' title="bbox 168 2452 1686 2498; baseline 0.001 -13"><span class='ocrx_word' id='word_1_249' title='bbox 168 2452 319 2486; x_wconf 87' lang='lat' dir='ltr'>tolerari</span> <span class='ocrx_word' id='word_1_250' title='bbox 346 2457 476 2497; x_wconf 80' lang='lat' dir='ltr'>potest.</span> <span class='ocrx_word' id='word_1_251' title='bbox 527 2455 600 2488; x_wconf 88' lang='lat' dir='ltr'>scio</span> <span class='ocrx_word' id='word_1_252' title='bbox 635 2455 840 2498; x_wconf 84' lang='lat' dir='ltr'>clangorem</span> <span class='ocrx_word' id='word_1_253' title='bbox 876 2465 954 2489; x_wconf 89' lang='lat' dir='ltr'>esse</span> <span class='ocrx_word' id='word_1_254' title='bbox 992 2455 1158 2488; x_wconf 82' lang='lat' dir='ltr'>tubarum</span> <span class='ocrx_word' id='word_1_255' title='bbox 1196 2455 1316 2497; x_wconf 86' lang='lat' dir='ltr'>potius</span> <span class='ocrx_word' id='word_1_256' title='bbox 1352 2464 1457 2496; x_wconf 84' lang='lat' dir='ltr'>quam</span> <span class='ocrx_word' id='word_1_257' title='bbox 1494 2453 1686 2496; x_wconf 85' lang='lat' dir='ltr'>hominum,</span> 
     </span>
     <span class='ocr_line' id='line_1_33' title="bbox 169 2511 1686 2557; baseline 0.001 -13"><span class='ocrx_word' id='word_1_258' title='bbox 169 2511 233 2545; x_wconf 86' lang='lat' dir='ltr'>sed</span> <span class='ocrx_word' id='word_1_259' title='bbox 251 2512 345 2546; x_wconf 82' lang='lat' dir='ltr'>Stati</span> <span class='ocrx_word' id='word_1_260' title='bbox 372 2516 451 2547; x_wconf 87' lang='lat' dir='ltr'>arte</span> <span class='ocrx_word' id='word_1_261' title='bbox 476 2513 618 2547; x_wconf 91' lang='lat' dir='ltr'>minime</span> <span class='ocrx_word' id='word_1_262' title='bbox 644 2513 827 2555; x_wconf 65' lang='lat' dir='ltr'>indignum</span> <span class='ocrx_word' id='word_1_263' title='bbox 855 2519 919 2557; x_wconf 82' lang='lat' dir='ltr'>est,</span> <span class='ocrx_word' id='word_1_264' title='bbox 953 2518 1002 2555; x_wconf 85' lang='lat' dir='ltr'>ut,</span> <span class='ocrx_word' id='word_1_265' title='bbox 1031 2512 1125 2556; x_wconf 85' lang='lat' dir='ltr'>quod</span> <span class='ocrx_word' id='word_1_266' title='bbox 1152 2512 1314 2555; x_wconf 84' lang='lat' dir='ltr'>equidem</span> <span class='ocrx_word' id='word_1_267' title='bbox 1342 2517 1441 2556; x_wconf 81' lang='lat' dir='ltr'>puto,</span> <span class='ocrx_word' id='word_1_268' title='bbox 1475 2523 1601 2546; x_wconf 75' lang='lat' dir='ltr'>revera</span> <span class='ocrx_word' id='word_1_269' title='bbox 1630 2523 1686 2546; x_wconf 94' lang='lat' dir='ltr'>vo-</span> 
     </span>
     <span class='ocr_line' id='line_1_34' title="bbox 168 2570 1510 2607; baseline 0.002 -5"><span class='ocrx_word' id='word_1_270' title='bbox 168 2570 277 2604; x_wconf 85' lang='lat' dir='ltr'>luerit</span> <span class='ocrx_word' id='word_1_271' title='bbox 304 2572 579 2606; x_wconf 75' lang='lat' dir='ltr'>translationem</span> <span class='ocrx_word' id='word_1_272' title='bbox 605 2583 683 2607; x_wconf 81' lang='lat' dir='ltr'>esse</span> <span class='ocrx_word' id='word_1_273' title='bbox 711 2572 753 2607; x_wconf 72' lang='lat' dir='ltr'>de</span> <span class='ocrx_word' id='word_1_274' title='bbox 780 2573 887 2607; x_wconf 85' lang='lat' dir='ltr'>tubae</span> <span class='ocrx_word' id='word_1_275' title='bbox 915 2573 1035 2607; x_wconf 84' lang='lat' dir='ltr'>sonitu</span> <span class='ocrx_word' id='word_1_276' title='bbox 1062 2572 1106 2606; x_wconf 81' lang='lat' dir='ltr'>ad</span> <span class='ocrx_word' id='word_1_277' title='bbox 1134 2573 1324 2606; x_wconf 72' lang='lat' dir='ltr'>clamorem</span> <span class='ocrx_word' id='word_1_278' title='bbox 1351 2571 1510 2605; x_wconf 83' lang='lat' dir='ltr'>infantis.</span> 
     </span>
    </p>

    <p class='ocr_par' dir='ltr' id='par_1_12' title="bbox 174 2630 1683 2735">
     <span class='ocr_line' id='line_1_35' title="bbox 268 2630 1683 2671; baseline 0.001 -8"><span class='ocrx_word' id='word_1_279' title='bbox 268 2634 304 2671; x_wconf 79' lang='lat'>2)</span> <span class='ocrx_word' id='word_1_280' title='bbox 329 2630 482 2665; x_wconf 73' lang='lat' dir='ltr'>audacia</span> <span class='ocrx_word' id='word_1_281' title='bbox 508 2632 615 2666; x_wconf 85' lang='lat' dir='ltr'>etiam</span> <span class='ocrx_word' id='word_1_282' title='bbox 642 2632 789 2666; x_wconf 80' lang='lat' dir='ltr'>insolita</span> <span class='ocrx_word' id='word_1_283' title='bbox 823 2637 877 2667; x_wconf 77' lang='lat' dir='ltr'>est.</span> <span class='ocrx_word' id='word_1_284' title='bbox 903 2633 1022 2666; x_wconf 78' lang='lat' dir='ltr'>Valer.</span> <span class='ocrx_word' id='word_1_285' title='bbox 1052 2633 1112 2668; x_wconf 83' lang='grc' dir='ltr'>ΙΙΙ,</span> <span class='ocrx_word' id='word_1_286' title='bbox 1141 2635 1160 2665; x_wconf 88' lang='lat'><strong>4</strong></span> <span class='ocrx_word' id='word_1_287' title='bbox 1197 2632 1380 2665; x_wconf 72' lang='lat' dir='ltr'>Aeneiclae</span> <span class='ocrx_word' id='word_1_288' title='bbox 1418 2632 1514 2665; x_wconf 74' lang='lat' dir='ltr'>caris</span> <span class='ocrx_word' id='word_1_289' title='bbox 1549 2631 1683 2665; x_wconf 77' lang='lat' dir='ltr'>socium</span> 
     </span>
     <span class='ocr_line' id='line_1_36' title="bbox 174 2689 1146 2735; baseline 0.002 -13"><span class='ocrx_word' id='word_1_290' title='bbox 174 2689 392 2733; x_wconf 65' lang='lat' dir='ltr'>‹Iiyressilms</span> <span class='ocrx_word' id='word_1_291' title='bbox 417 2691 575 2727; x_wconf 76' lang='lat' dir='ltr'>haerent.</span> <span class='ocrx_word' id='word_1_292' title='bbox 604 2691 648 2724; x_wconf 78' lang='lat' dir='ltr'>ef.</span> <span class='ocrx_word' id='word_1_293' title='bbox 676 2692 838 2735; x_wconf 71' lang='lat' dir='ltr'>Langeni</span> <span class='ocrx_word' id='word_1_294' title='bbox 865 2691 1146 2725; x_wconf 77' lang='lat' dir='ltr'>adnotationem.</span> 
     </span>
    </p>

    <p class='ocr_par' dir='ltr' id='par_1_13' title="bbox 178 2748 1682 2851">
     <span class='ocr_line' id='line_1_37' title="bbox 269 2748 1682 2795; baseline -0.001 -12"><span class='ocrx_word' id='word_1_295' title='bbox 269 2752 306 2792; x_wconf 75' lang='lat'>3)</span> <span class='ocrx_word' id='word_1_296' title='bbox 333 2748 376 2783; x_wconf 88' lang='lat' dir='ltr'>de</span> <span class='ocrx_word' id='word_1_297' title='bbox 416 2760 479 2783; x_wconf 83' lang='lat' dir='ltr'>usu</span> <span class='ocrx_word' id='word_1_298' title='bbox 520 2749 686 2785; x_wconf 74' lang='lat' dir='ltr'>adieetivi</span> <span class='ocrx_word' id='word_1_299' title='bbox 725 2751 857 2784; x_wconf 61' lang='lat' dir='ltr'>dubim</span> <span class='ocrx_word' id='word_1_300' title='bbox 895 2751 1064 2786; x_wconf 80' lang='lat' dir='ltr'>translati</span> <span class='ocrx_word' id='word_1_301' title='bbox 1104 2749 1225 2785; x_wconf 77' lang='lat' dir='ltr'>videas</span> <span class='ocrx_word' id='word_1_302' title='bbox 1265 2748 1380 2783; x_wconf 78' lang='lat' dir='ltr'>Jacob</span> <span class='ocrx_word' id='word_1_303' title='bbox 1418 2749 1437 2783; x_wconf 93' lang='lat' dir='ltr'>l.</span> <span class='ocrx_word' id='word_1_304' title='bbox 1475 2760 1501 2782; x_wconf 71' lang='lat' dir='ltr'>s,</span> <span class='ocrx_word' id='word_1_305' title='bbox 1543 2760 1576 2795; x_wconf 83' lang='lat' dir='ltr'>p.</span> <span class='ocrx_word' id='word_1_306' title='bbox 1606 2750 1682 2793; x_wconf 82' lang='lat'>127,</span> 
     </span>
     <span class='ocr_line' id='line_1_38' title="bbox 178 2807 358 2851; baseline -0.006 -9"><span class='ocrx_word' id='word_1_307' title='bbox 178 2807 253 2851; x_wconf 84' lang='lat'>134,</span> <span class='ocrx_word' id='word_1_308' title='bbox 284 2808 358 2843; x_wconf 83' lang='lat'>136.</span> 
     </span>
    </p>
   </div>
  </div>
 </body>
</html>
