<?xml version="1.0" encoding="UTF-8"?>
<!DOCTYPE html PUBLIC "-//W3C//DTD XHTML 1.0 Transitional//EN"
    "http://www.w3.org/TR/xhtml1/DTD/xhtml1-transitional.dtd">
<html xmlns="http://www.w3.org/1999/xhtml" xml:lang="en" lang="en">
 <head>
  <title>
</title>
<meta http-equiv="Content-Type" content="text/html;charset=utf-8" />
  <meta name='ocr-system' content='tesseract 3.04.00' />
  <meta name='ocr-capabilities' content='ocr_page ocr_carea ocr_par ocr_line ocrx_word'/>
</head>
<body>
  <div class='ocr_page' id='page_1' title='image "./devirgiliisermon00druoft_0079.png"; bbox 0 0 1923 3110; ppageno 0'>
   <div class='ocr_carea' id='block_1_1' title="bbox 935 118 985 156">
    <p class='ocr_par' dir='ltr' id='par_1_1' title="bbox 935 118 985 156">
     <span class='ocr_line' id='line_1_1' title="bbox 935 118 985 156; baseline -0.02 0"><span class='ocrx_word' id='word_1_1' title='bbox 935 118 985 156; x_wconf 76' lang='lat'>69</span> 
     </span>
    </p>
   </div>
   <div class='ocr_carea' id='block_1_2' title="bbox 180 230 1705 2864">
    <p class='ocr_par' dir='ltr' id='par_1_2' title="bbox 305 230 1705 284">
     <span class='ocr_line' id='line_1_2' title="bbox 305 230 1705 284; baseline -0.004 -12"><span class='ocrx_word' id='word_1_2' title='bbox 305 235 428 273; x_wconf 88' lang='lat' dir='ltr'>Paulo</span> <span class='ocrx_word' id='word_1_3' title='bbox 461 234 536 272; x_wconf 90' lang='lat' dir='ltr'>alio</span> <span class='ocrx_word' id='word_1_4' title='bbox 566 234 680 272; x_wconf 89' lang='lat' dir='ltr'>modo</span> <span class='ocrx_word' id='word_1_5' title='bbox 711 234 761 272; x_wconf 87' lang='lat' dir='ltr'>ad</span> <span class='ocrx_word' id='word_1_6' title='bbox 792 234 1115 272; x_wconf 80' lang='lat' dir='ltr'><strong>constructionem</strong></span> <span class='ocrx_word' id='word_1_7' title='bbox 1146 231 1367 271; x_wconf 80' lang='lat' dir='ltr'>derelictam</span> <span class='ocrx_word' id='word_1_8' title='bbox 1398 236 1483 284; x_wconf 88' lang='lat' dir='ltr'>post</span> <span class='ocrx_word' id='word_1_9' title='bbox 1521 230 1705 281; x_wconf 82' lang='lat' dir='ltr'>ambages</span> 
     </span>
    </p>

    <p class='ocr_par' dir='ltr' id='par_1_3' title="bbox 190 306 853 358">
     <span class='ocr_line' id='line_1_3' title="bbox 190 306 853 358; baseline -0.002 -13"><span class='ocrx_word' id='word_1_10' title='bbox 190 307 418 345; x_wconf 86' lang='lat' dir='ltr'>artificiosas</span> <span class='ocrx_word' id='word_1_11' title='bbox 448 306 595 346; x_wconf 81' lang='lat' dir='ltr'><strong>reditur</strong></span> <span class='ocrx_word' id='word_1_12' title='bbox 625 307 656 353; x_wconf 93' lang='lat' dir='ltr'>I,</span> <span class='ocrx_word' id='word_1_13' title='bbox 690 308 741 345; x_wconf 82' lang='lat'>23</span> <span class='ocrx_word' id='word_1_14' title='bbox 774 320 853 358; x_wconf 88' lang='lat' dir='ltr'>sq.:</span> 
     </span>
    </p>

    <p class='ocr_par' dir='ltr' id='par_1_4' title="bbox 424 373 1433 425">
     <span class='ocr_line' id='line_1_4' title="bbox 424 373 1433 425; baseline -0.006 -10"><span class='ocrx_word' id='word_1_15' title='bbox 424 376 463 414; x_wconf 89' lang='lat' dir='ltr'>id</span> <span class='ocrx_word' id='word_1_16' title='bbox 495 382 668 415; x_wconf 90' lang='lat' dir='ltr'>metuens</span> <span class='ocrx_word' id='word_1_17' title='bbox 698 377 915 425; x_wconf 83' lang='lat' dir='ltr'>veterisque</span> <span class='ocrx_word' id='word_1_18' title='bbox 947 386 1090 411; x_wconf 91' lang='lat' dir='ltr'>memor</span> <span class='ocrx_word' id='word_1_19' title='bbox 1120 373 1301 410; x_wconf 85' lang='lat' dir='ltr'>Saturnia</span> <span class='ocrx_word' id='word_1_20' title='bbox 1333 373 1433 419; x_wconf 86' lang='lat' dir='ltr'>belli,</span> 
     </span>
    </p>

    <p class='ocr_par' dir='ltr' id='par_1_5' title="bbox 418 442 1548 498">
     <span class='ocr_line' id='line_1_5' title="bbox 418 442 1548 498; baseline -0.004 -14"><span class='ocrx_word' id='word_1_21' title='bbox 418 449 541 498; x_wconf 88' lang='lat' dir='ltr'>prima</span> <span class='ocrx_word' id='word_1_22' title='bbox 573 445 675 497; x_wconf 89' lang='lat' dir='ltr'>quod</span> <span class='ocrx_word' id='word_1_23' title='bbox 708 444 756 482; x_wconf 88' lang='lat' dir='ltr'>ad</span> <span class='ocrx_word' id='word_1_24' title='bbox 787 445 946 481; x_wconf 81' lang='lat' dir='ltr'>Troiam</span> <span class='ocrx_word' id='word_1_25' title='bbox 978 456 1047 494; x_wconf 91' lang='lat' dir='ltr'>pro</span> <span class='ocrx_word' id='word_1_26' title='bbox 1079 444 1178 480; x_wconf 88' lang='lat' dir='ltr'>caris</span> <span class='ocrx_word' id='word_1_27' title='bbox 1208 448 1378 492; x_wconf 83' lang='lat' dir='ltr'>gesserat</span> <span class='ocrx_word' id='word_1_28' title='bbox 1410 442 1548 492; x_wconf 68' lang='lat' dir='ltr'>Argis,</span> 
     </span>
    </p>

    <p class='ocr_par' dir='ltr' id='par_1_6' title="bbox 416 511 1491 563">
     <span class='ocr_line' id='line_1_6' title="bbox 416 511 1491 563; baseline -0.005 -10"><span class='ocrx_word' id='word_1_29' title='bbox 416 529 486 553; x_wconf 89' lang='lat' dir='ltr'>nec</span> <span class='ocrx_word' id='word_1_30' title='bbox 516 515 606 552; x_wconf 88' lang='lat' dir='ltr'>dum</span> <span class='ocrx_word' id='word_1_31' title='bbox 637 516 753 552; x_wconf 87' lang='lat' dir='ltr'>etiam</span> <span class='ocrx_word' id='word_1_32' title='bbox 785 525 923 551; x_wconf 86' lang='lat' dir='ltr'>causae</span> <span class='ocrx_word' id='word_1_33' title='bbox 954 514 1095 549; x_wconf 86' lang='lat' dir='ltr'>irarum</span> <span class='ocrx_word' id='word_1_34' title='bbox 1127 513 1310 563; x_wconf 87' lang='lat' dir='ltr'>saevique</span> <span class='ocrx_word' id='word_1_35' title='bbox 1341 511 1491 549; x_wconf 82' lang='lat' dir='ltr'>dolores</span> 
     </span>
    </p>

    <p class='ocr_par' dir='ltr' id='par_1_7' title="bbox 415 582 1457 632">
     <span class='ocr_line' id='line_1_7' title="bbox 415 582 1457 632; baseline -0.004 -10"><span class='ocrx_word' id='word_1_36' title='bbox 415 584 638 622; x_wconf 78' lang='lat' dir='ltr'>exciderant</span> <span class='ocrx_word' id='word_1_37' title='bbox 669 585 807 626; x_wconf 77' lang='lat' dir='ltr'>animo,</span> <span class='ocrx_word' id='word_1_38' title='bbox 839 588 965 620; x_wconf 88' lang='lat' dir='ltr'>manet</span> <span class='ocrx_word' id='word_1_39' title='bbox 997 582 1075 619; x_wconf 89' lang='lat' dir='ltr'>alta</span> <span class='ocrx_word' id='word_1_40' title='bbox 1106 586 1231 619; x_wconf 88' lang='lat' dir='ltr'>mente</span> <span class='ocrx_word' id='word_1_41' title='bbox 1262 587 1457 632; x_wconf 90' lang='lat' dir='ltr'>repostum</span> 
     </span>
    </p>

    <p class='ocr_par' dir='ltr' id='par_1_8' title="bbox 416 651 1390 703">
     <span class='ocr_line' id='line_1_8' title="bbox 416 651 1390 703; baseline -0.004 -12"><span class='ocrx_word' id='word_1_42' title='bbox 416 653 602 692; x_wconf 88' lang='lat' dir='ltr'>iudicium</span> <span class='ocrx_word' id='word_1_43' title='bbox 635 652 787 690; x_wconf 86' lang='lat' dir='ltr'>Paridis</span> <span class='ocrx_word' id='word_1_44' title='bbox 818 658 1044 703; x_wconf 83' lang='lat' dir='ltr'>spretaeque</span> <span class='ocrx_word' id='word_1_45' title='bbox 1075 653 1216 688; x_wconf 88' lang='lat' dir='ltr'>iniuria</span> <span class='ocrx_word' id='word_1_46' title='bbox 1246 651 1390 688; x_wconf 81' lang='lat' dir='ltr'>formae</span> 
     </span>
    </p>

    <p class='ocr_par' dir='ltr' id='par_1_9' title="bbox 417 719 1495 772">
     <span class='ocr_line' id='line_1_9' title="bbox 417 719 1495 772; baseline -0.002 -12"><span class='ocrx_word' id='word_1_47' title='bbox 417 729 453 761; x_wconf 89' lang='lat' dir='ltr'>et</span> <span class='ocrx_word' id='word_1_48' title='bbox 484 735 604 772; x_wconf 80' lang='lat' dir='ltr'>genus</span> <span class='ocrx_word' id='word_1_49' title='bbox 634 724 802 760; x_wconf 86' lang='lat' dir='ltr'>invisum</span> <span class='ocrx_word' id='word_1_50' title='bbox 835 728 872 760; x_wconf 90' lang='lat' dir='ltr'>et</span> <span class='ocrx_word' id='word_1_51' title='bbox 902 723 999 772; x_wconf 86' lang='lat' dir='ltr'>rapti</span> <span class='ocrx_word' id='word_1_52' title='bbox 1034 719 1275 771; x_wconf 82' lang='lat' dir='ltr'>Ganymedis</span> <span class='ocrx_word' id='word_1_53' title='bbox 1308 720 1495 766; x_wconf 76' lang='lat' dir='ltr'>honores3</span> 
     </span>
    </p>

    <p class='ocr_par' dir='ltr' id='par_1_10' title="bbox 418 793 1313 843">
     <span class='ocr_line' id='line_1_10' title="bbox 418 793 1313 843; baseline -0.004 -13"><span class='ocrx_word' id='word_1_54' title='bbox 418 793 477 830; x_wconf 85' lang='lat' dir='ltr'>his</span> <span class='ocrx_word' id='word_1_55' title='bbox 509 805 670 830; x_wconf 86' lang='lat' dir='ltr'>accensa</span> <span class='ocrx_word' id='word_1_56' title='bbox 701 804 815 843; x_wconf 86' lang='lat' dir='ltr'>super</span> <span class='ocrx_word' id='word_1_57' title='bbox 844 793 1009 829; x_wconf 83' lang='lat' dir='ltr'>iactatus</span> <span class='ocrx_word' id='word_1_58' title='bbox 1040 802 1203 841; x_wconf 89' lang='lat' dir='ltr'>aequore</span> <span class='ocrx_word' id='word_1_59' title='bbox 1233 795 1313 826; x_wconf 90' lang='lat' dir='ltr'>toto</span> 
     </span>
    </p>

    <p class='ocr_par' dir='ltr' id='par_1_11' title="bbox 415 858 1502 913">
     <span class='ocr_line' id='line_1_11' title="bbox 415 858 1502 913; baseline -0.004 -14"><span class='ocrx_word' id='word_1_60' title='bbox 415 862 552 908; x_wconf 86' lang='lat' dir='ltr'>Troas,</span> <span class='ocrx_word' id='word_1_61' title='bbox 584 861 766 913; x_wconf 76' lang='lat' dir='ltr'>reliquias</span> <span class='ocrx_word' id='word_1_62' title='bbox 799 861 977 898; x_wconf 88' lang='lat' dir='ltr'>Danaum</span> <span class='ocrx_word' id='word_1_63' title='bbox 1009 865 1125 911; x_wconf 86' lang='lat' dir='ltr'>atque</span> <span class='ocrx_word' id='word_1_64' title='bbox 1156 860 1314 896; x_wconf 88' lang='lat' dir='ltr'>immitis</span> <span class='ocrx_word' id='word_1_65' title='bbox 1345 858 1502 905; x_wconf 88' lang='lat' dir='ltr'>Achilli,</span> 
     </span>
    </p>

    <p class='ocr_par' dir='ltr' id='par_1_12' title="bbox 180 931 1704 1957">
     <span class='ocr_line' id='line_1_12' title="bbox 415 931 869 981; baseline -0.002 -12"><span class='ocrx_word' id='word_1_66' title='bbox 415 931 571 969; x_wconf 87' lang='lat' dir='ltr'>arcebat</span> <span class='ocrx_word' id='word_1_67' title='bbox 601 932 716 981; x_wconf 84' lang='lat' dir='ltr'>longe</span> <span class='ocrx_word' id='word_1_68' title='bbox 748 931 869 969; x_wconf 87' lang='lat' dir='ltr'>Latio.</span> 
     </span>
     <span class='ocr_line' id='line_1_13' title="bbox 186 998 1704 1051; baseline -0.001 -15"><span class='ocrx_word' id='word_1_69' title='bbox 186 998 258 1036; x_wconf 88' lang='lat' dir='ltr'>hoc</span> <span class='ocrx_word' id='word_1_70' title='bbox 289 1002 390 1037; x_wconf 91' lang='lat' dir='ltr'>enim</span> <span class='ocrx_word' id='word_1_71' title='bbox 423 1000 504 1038; x_wconf 90' lang='lat' dir='ltr'>loco</span> <span class='ocrx_word' id='word_1_72' title='bbox 538 1001 665 1041; x_wconf 80' lang='lat' dir='ltr'>verba,</span> <span class='ocrx_word' id='word_1_73' title='bbox 698 1014 721 1037; x_wconf 93' lang='lat' dir='ltr'>a</span> <span class='ocrx_word' id='word_1_74' title='bbox 753 1000 890 1051; x_wconf 85' lang='lat' dir='ltr'>quibus</span> <span class='ocrx_word' id='word_1_75' title='bbox 923 1002 1072 1037; x_wconf 86' lang='lat' dir='ltr'>initium</span> <span class='ocrx_word' id='word_1_76' title='bbox 1103 1000 1314 1036; x_wconf 89' lang='lat' dir='ltr'>sententiae</span> <span class='ocrx_word' id='word_1_77' title='bbox 1351 998 1417 1035; x_wconf 87' lang='lat' dir='ltr'>fit:</span> <span class='ocrx_word' id='word_1_78' title='bbox 1467 1001 1504 1035; x_wconf 80' lang='lat' dir='ltr'>id</span> <span class='ocrx_word' id='word_1_79' title='bbox 1545 1004 1704 1035; x_wconf 78' lang='lat' dir='ltr'>metuens</span> 
     </span>
     <span class='ocr_line' id='line_1_14' title="bbox 182 1067 1698 1121; baseline -0.001 -15"><span class='ocrx_word' id='word_1_80' title='bbox 182 1073 374 1117; x_wconf 68' lang='lat' dir='ltr'>veterisque</span> <span class='ocrx_word' id='word_1_81' title='bbox 405 1084 535 1108; x_wconf 80' lang='lat' dir='ltr'>memor</span> <span class='ocrx_word' id='word_1_82' title='bbox 565 1073 747 1108; x_wconf 75' lang='lat' dir='ltr'>Saturnia</span> <span class='ocrx_word' id='word_1_83' title='bbox 779 1074 855 1108; x_wconf 79' lang='lat' dir='ltr'>belli</span> <span class='ocrx_word' id='word_1_84' title='bbox 887 1083 1006 1121; x_wconf 76' lang='lat' dir='ltr'>usque</span> <span class='ocrx_word' id='word_1_85' title='bbox 1048 1068 1226 1120; x_wconf 87' lang='lat' dir='ltr'>pendent,</span> <span class='ocrx_word' id='word_1_86' title='bbox 1270 1067 1359 1105; x_wconf 86' lang='lat' dir='ltr'>dum</span> <span class='ocrx_word' id='word_1_87' title='bbox 1400 1073 1488 1119; x_wconf 87' lang='lat' dir='ltr'>post</span> <span class='ocrx_word' id='word_1_88' title='bbox 1527 1069 1698 1119; x_wconf 83' lang='lat' dir='ltr'>quinque</span> 
     </span>
     <span class='ocr_line' id='line_1_15' title="bbox 181 1139 1698 1191; baseline 0 -17"><span class='ocrx_word' id='word_1_89' title='bbox 181 1151 316 1176; x_wconf 89' lang='lat' dir='ltr'>versus</span> <span class='ocrx_word' id='word_1_90' title='bbox 347 1141 580 1177; x_wconf 77' lang='lat' dir='ltr'>intermissos</span> <span class='ocrx_word' id='word_1_91' title='bbox 611 1142 844 1191; x_wconf 81' lang='lat' dir='ltr'>recipiantur</span> <span class='ocrx_word' id='word_1_92' title='bbox 866 1139 992 1176; x_wconf 86' lang='lat' dir='ltr'>verbis</span> <span class='ocrx_word' id='word_1_93' title='bbox 1013 1143 1068 1177; x_wconf 76' lang='lat' dir='ltr'>his</span> <span class='ocrx_word' id='word_1_94' title='bbox 1089 1152 1235 1176; x_wconf 73' lang='lat' dir='ltr'>accensa</span> <span class='ocrx_word' id='word_1_95' title='bbox 1256 1152 1373 1184; x_wconf 70' lang='lat' dir='ltr'>super.</span> <span class='ocrx_word' id='word_1_96' title='bbox 1435 1151 1534 1174; x_wconf 78' lang='lat' dir='ltr'>novo</span> <span class='ocrx_word' id='word_1_97' title='bbox 1557 1139 1698 1184; x_wconf 86' lang='lat' dir='ltr'>timori,</span> 
     </span>
     <span class='ocr_line' id='line_1_16' title="bbox 183 1207 1697 1259; baseline 0.001 -15"><span class='ocrx_word' id='word_1_98' title='bbox 183 1219 294 1258; x_wconf 86' lang='lat' dir='ltr'>quem</span> <span class='ocrx_word' id='word_1_99' title='bbox 326 1209 422 1246; x_wconf 87' lang='lat' dir='ltr'>Iuno</span> <span class='ocrx_word' id='word_1_100' title='bbox 454 1208 681 1259; x_wconf 82' lang='lat' dir='ltr'>Carthagini</span> <span class='ocrx_word' id='word_1_101' title='bbox 723 1222 813 1246; x_wconf 80' lang='lat' dir='ltr'>suae</span> <span class='ocrx_word' id='word_1_102' title='bbox 846 1208 1019 1254; x_wconf 85' lang='lat' dir='ltr'>exhibet,</span> <span class='ocrx_word' id='word_1_103' title='bbox 1066 1208 1184 1245; x_wconf 87' lang='lat' dir='ltr'>altera</span> <span class='ocrx_word' id='word_1_104' title='bbox 1215 1221 1349 1252; x_wconf 85' lang='lat' dir='ltr'>causa,</span> <span class='ocrx_word' id='word_1_105' title='bbox 1396 1221 1461 1244; x_wconf 85' lang='lat' dir='ltr'>cur</span> <span class='ocrx_word' id='word_1_106' title='bbox 1505 1207 1697 1245; x_wconf 81' lang='lat' dir='ltr'>Troianos</span> 
     </span>
     <span class='ocr_line' id='line_1_17' title="bbox 182 1278 1700 1330; baseline -0.001 -15"><span class='ocrx_word' id='word_1_107' title='bbox 182 1284 441 1329; x_wconf 85' lang='lat' dir='ltr'>persequatur,</span> <span class='ocrx_word' id='word_1_108' title='bbox 482 1292 601 1330; x_wconf 82' lang='lat' dir='ltr'>eaque</span> <span class='ocrx_word' id='word_1_109' title='bbox 644 1286 753 1316; x_wconf 89' lang='lat' dir='ltr'>vetus</span> <span class='ocrx_word' id='word_1_110' title='bbox 785 1279 939 1316; x_wconf 81' lang='lat' dir='ltr'>additur</span> <span class='ocrx_word' id='word_1_111' title='bbox 970 1278 1098 1315; x_wconf 81' lang='lat' dir='ltr'>verbis</span> <span class='ocrx_word' id='word_1_112' title='bbox 1128 1282 1322 1325; x_wconf 61' lang='lat' dir='ltr'>veterisque</span> <span class='ocrx_word' id='word_1_113' title='bbox 1355 1291 1486 1314; x_wconf 76' lang='lat' dir='ltr'>memor</span> <span class='ocrx_word' id='word_1_114' title='bbox 1518 1279 1700 1315; x_wconf 63' lang='lat' dir='ltr'>Saturnia</span> 
     </span>
     <span class='ocr_line' id='line_1_18' title="bbox 182 1347 1697 1400; baseline 0 -16"><span class='ocrx_word' id='word_1_115' title='bbox 182 1349 269 1394; x_wconf 66' lang='lat' dir='ltr'>belli,</span> <span class='ocrx_word' id='word_1_116' title='bbox 296 1353 421 1394; x_wconf 74' lang='lat' dir='ltr'>prima</span> <span class='ocrx_word' id='word_1_117' title='bbox 453 1352 548 1396; x_wconf 67' lang='lat' dir='ltr'>qaod</span> <span class='ocrx_word' id='word_1_118' title='bbox 580 1379 586 1386; x_wconf 88' lang='lat'>.</span> <span class='ocrx_word' id='word_1_119' title='bbox 620 1380 625 1386; x_wconf 91' lang='lat'>.</span> <span class='ocrx_word' id='word_1_120' title='bbox 662 1380 666 1384; x_wconf 72' lang='grc'><strong><em>,</em></strong></span> <span class='ocrx_word' id='word_1_121' title='bbox 700 1357 731 1386; x_wconf 75' lang='lat' dir='ltr'>ct</span> <span class='ocrx_word' id='word_1_122' title='bbox 763 1364 793 1396; x_wconf 72' lang='lat'>(1.</span> <span class='ocrx_word' id='word_1_123' title='bbox 825 1364 852 1387; x_wconf 86' lang='lat' dir='ltr'>s.</span> <span class='ocrx_word' id='word_1_124' title='bbox 887 1361 985 1400; x_wconf 84' lang='lat' dir='ltr'>quae</span> <span class='ocrx_word' id='word_1_125' title='bbox 1016 1361 1101 1385; x_wconf 84' lang='lat' dir='ltr'>cum</span> <span class='ocrx_word' id='word_1_126' title='bbox 1133 1347 1311 1393; x_wconf 82' lang='lat' dir='ltr'>dixisset,</span> <span class='ocrx_word' id='word_1_127' title='bbox 1354 1348 1430 1384; x_wconf 88' lang='lat' dir='ltr'>iam</span> <span class='ocrx_word' id='word_1_128' title='bbox 1477 1353 1613 1397; x_wconf 88' lang='lat' dir='ltr'>poetae</span> <span class='ocrx_word' id='word_1_129' title='bbox 1659 1349 1697 1384; x_wconf 92' lang='lat' dir='ltr'>in</span> 
     </span>
     <span class='ocr_line' id='line_1_19' title="bbox 180 1418 1697 1468; baseline 0 -14"><span class='ocrx_word' id='word_1_130' title='bbox 180 1422 344 1455; x_wconf 87' lang='lat' dir='ltr'>mentem</span> <span class='ocrx_word' id='word_1_131' title='bbox 377 1420 480 1456; x_wconf 87' lang='lat' dir='ltr'>venit</span> <span class='ocrx_word' id='word_1_132' title='bbox 512 1420 589 1456; x_wconf 87' lang='lat' dir='ltr'>irae</span> <span class='ocrx_word' id='word_1_133' title='bbox 620 1418 901 1456; x_wconf 82' lang='lat' dir='ltr'>continuandae</span> <span class='ocrx_word' id='word_1_134' title='bbox 934 1431 1017 1456; x_wconf 86' lang='lat' dir='ltr'>eam</span> <span class='ocrx_word' id='word_1_135' title='bbox 1050 1431 1205 1455; x_wconf 89' lang='lat' dir='ltr'>causam</span> <span class='ocrx_word' id='word_1_136' title='bbox 1237 1430 1313 1454; x_wconf 90' lang='lat' dir='ltr'>non</span> <span class='ocrx_word' id='word_1_137' title='bbox 1345 1429 1448 1463; x_wconf 86' lang='lat' dir='ltr'>esse,</span> <span class='ocrx_word' id='word_1_138' title='bbox 1493 1422 1697 1468; x_wconf 81' lang='lat' dir='ltr'>postquam</span> 
     </span>
     <span class='ocr_line' id='line_1_20' title="bbox 182 1486 1700 1540; baseline 0 -16"><span class='ocrx_word' id='word_1_139' title='bbox 182 1486 301 1524; x_wconf 84' lang='lat' dir='ltr'>Troia</span> <span class='ocrx_word' id='word_1_140' title='bbox 339 1494 450 1539; x_wconf 84' lang='lat' dir='ltr'>capta</span> <span class='ocrx_word' id='word_1_141' title='bbox 483 1491 557 1535; x_wconf 84' lang='lat' dir='ltr'>sit3</span> <span class='ocrx_word' id='word_1_142' title='bbox 600 1490 730 1540; x_wconf 86' lang='lat' dir='ltr'>itaque</span> <span class='ocrx_word' id='word_1_143' title='bbox 762 1487 987 1526; x_wconf 71' lang='lat' dir='ltr'>adiciendae</span> <span class='ocrx_word' id='word_1_144' title='bbox 1019 1494 1125 1525; x_wconf 85' lang='lat' dir='ltr'>erant</span> <span class='ocrx_word' id='word_1_145' title='bbox 1158 1500 1306 1533; x_wconf 79' lang='lat' dir='ltr'>causae,</span> <span class='ocrx_word' id='word_1_146' title='bbox 1340 1486 1478 1538; x_wconf 81' lang='lat' dir='ltr'>quibus</span> <span class='ocrx_word' id='word_1_147' title='bbox 1511 1493 1700 1524; x_wconf 83' lang='lat' dir='ltr'>commota</span> 
     </span>
     <span class='ocr_line' id='line_1_21' title="bbox 180 1556 1695 1609; baseline 0.001 -16"><span class='ocrx_word' id='word_1_148' title='bbox 180 1561 286 1594; x_wconf 88' lang='lat' dir='ltr'>tanto</span> <span class='ocrx_word' id='word_1_149' title='bbox 332 1559 371 1595; x_wconf 90' lang='lat' dir='ltr'>in</span> <span class='ocrx_word' id='word_1_150' title='bbox 401 1557 592 1595; x_wconf 81' lang='lat' dir='ltr'>Troianos</span> <span class='ocrx_word' id='word_1_151' title='bbox 622 1557 709 1596; x_wconf 84' lang='lat' dir='ltr'>odio</span> <span class='ocrx_word' id='word_1_152' title='bbox 742 1558 883 1596; x_wconf 85' lang='lat' dir='ltr'>infecta</span> <span class='ocrx_word' id='word_1_153' title='bbox 913 1564 1035 1600; x_wconf 74' lang='lat' dir='ltr'>esset,</span> <span class='ocrx_word' id='word_1_154' title='bbox 1083 1556 1185 1609; x_wconf 81' lang='lat' dir='ltr'>quod</span> <span class='ocrx_word' id='word_1_155' title='bbox 1227 1557 1267 1594; x_wconf 84' lang='lat' dir='ltr'>tit</span> <span class='ocrx_word' id='word_1_156' title='bbox 1312 1556 1484 1595; x_wconf 81' lang='lat' dir='ltr'>versibus</span> <span class='ocrx_word' id='word_1_157' title='bbox 1518 1559 1567 1593; x_wconf 72' lang='lat'>‘25</span> <span class='ocrx_word' id='word_1_158' title='bbox 1589 1559 1695 1594; x_wconf 56' lang='lat'>--255</span> 
     </span>
     <span class='ocr_line' id='line_1_22' title="bbox 183 1625 1700 1679; baseline 0.001 -16"><span class='ocrx_word' id='word_1_159' title='bbox 183 1625 321 1664; x_wconf 88' lang='lat' dir='ltr'>deinde</span> <span class='ocrx_word' id='word_1_160' title='bbox 352 1632 584 1665; x_wconf 89' lang='lat' dir='ltr'>autemnon</span> <span class='ocrx_word' id='word_1_161' title='bbox 617 1627 665 1665; x_wconf 86' lang='lat' dir='ltr'>ad</span> <span class='ocrx_word' id='word_1_162' title='bbox 707 1630 829 1679; x_wconf 86' lang='lat' dir='ltr'>prima</span> <span class='ocrx_word' id='word_1_163' title='bbox 876 1627 991 1665; x_wconf 89' lang='lat' dir='ltr'>verba</span> <span class='ocrx_word' id='word_1_164' title='bbox 1031 1629 1244 1669; x_wconf 77' lang='lat' dir='ltr'>revertitur,</span> <span class='ocrx_word' id='word_1_165' title='bbox 1296 1626 1358 1663; x_wconf 82' lang='lat' dir='ltr'>sed</span> <span class='ocrx_word' id='word_1_166' title='bbox 1405 1640 1451 1664; x_wconf 83' lang='lat' dir='ltr'>ex</span> <span class='ocrx_word' id='word_1_167' title='bbox 1490 1628 1553 1666; x_wconf 80' lang='lat' dir='ltr'>eis.</span> <span class='ocrx_word' id='word_1_168' title='bbox 1603 1638 1700 1677; x_wconf 84' lang='lat' dir='ltr'>quae</span> 
     </span>
     <span class='ocr_line' id='line_1_23' title="bbox 180 1695 1697 1747; baseline 0.001 -14"><span class='ocrx_word' id='word_1_169' title='bbox 180 1695 293 1734; x_wconf 83' lang='lat' dir='ltr'>modo</span> <span class='ocrx_word' id='word_1_170' title='bbox 324 1695 434 1744; x_wconf 77' lang='lat' dir='ltr'>dixit,</span> <span class='ocrx_word' id='word_1_171' title='bbox 467 1697 629 1735; x_wconf 86' lang='lat' dir='ltr'>alterum</span> <span class='ocrx_word' id='word_1_172' title='bbox 662 1699 812 1735; x_wconf 87' lang='lat' dir='ltr'>initium</span> <span class='ocrx_word' id='word_1_173' title='bbox 844 1698 987 1735; x_wconf 79' lang='lat' dir='ltr'>faciens</span> <span class='ocrx_word' id='word_1_174' title='bbox 1009 1699 1336 1735; x_wconf 81' lang='lat' dir='ltr'>continuationem</span> <span class='ocrx_word' id='word_1_175' title='bbox 1359 1698 1611 1747; x_wconf 85' lang='lat' dir='ltr'>interruptam</span> <span class='ocrx_word' id='word_1_176' title='bbox 1632 1709 1697 1734; x_wconf 83' lang='lat' dir='ltr'>ex—</span> 
     </span>
     <span class='ocr_line' id='line_1_24' title="bbox 181 1765 1695 1818; baseline 0.001 -16"><span class='ocrx_word' id='word_1_177' title='bbox 181 1768 275 1817; x_wconf 87' lang='lat' dir='ltr'>cipit</span> <span class='ocrx_word' id='word_1_178' title='bbox 306 1779 418 1804; x_wconf 85' lang='lat' dir='ltr'>versu</span> <span class='ocrx_word' id='word_1_179' title='bbox 452 1769 524 1805; x_wconf 79' lang='lat'>29:</span> <span class='ocrx_word' id='word_1_180' title='bbox 557 1771 610 1805; x_wconf 78' lang='lat' dir='ltr'>his</span> <span class='ocrx_word' id='word_1_181' title='bbox 642 1782 790 1805; x_wconf 52' lang='lat' dir='ltr'>accensa</span> <span class='ocrx_word' id='word_1_182' title='bbox 819 1781 937 1814; x_wconf 75' lang='lat' dir='ltr'>snper,</span> <span class='ocrx_word' id='word_1_183' title='bbox 972 1780 1067 1818; x_wconf 79' lang='lat' dir='ltr'>quae</span> <span class='ocrx_word' id='word_1_184' title='bbox 1101 1767 1215 1804; x_wconf 85' lang='lat' dir='ltr'>verba</span> <span class='ocrx_word' id='word_1_185' title='bbox 1248 1765 1475 1817; x_wconf 86' lang='lat' dir='ltr'>respondent</span> <span class='ocrx_word' id='word_1_186' title='bbox 1509 1765 1636 1803; x_wconf 88' lang='lat' dir='ltr'>verbis</span> <span class='ocrx_word' id='word_1_187' title='bbox 1658 1767 1695 1803; x_wconf 90' lang='lat' dir='ltr'>in</span> 
     </span>
     <span class='ocr_line' id='line_1_25' title="bbox 180 1835 1697 1888; baseline 0 -16"><span class='ocrx_word' id='word_1_188' title='bbox 180 1837 289 1873; x_wconf 90' lang='lat' dir='ltr'>initio</span> <span class='ocrx_word' id='word_1_189' title='bbox 333 1839 449 1874; x_wconf 80' lang='lat' dir='ltr'>totius</span> <span class='ocrx_word' id='word_1_190' title='bbox 494 1839 674 1874; x_wconf 80' lang='lat' dir='ltr'>circuitus</span> <span class='ocrx_word' id='word_1_191' title='bbox 722 1839 853 1888; x_wconf 77' lang='lat' dir='ltr'>positis</span> <span class='ocrx_word' id='word_1_192' title='bbox 904 1841 940 1873; x_wconf 79' lang='lat' dir='ltr'>id</span> <span class='ocrx_word' id='word_1_193' title='bbox 988 1844 1145 1874; x_wconf 68' lang='lat' dir='ltr'>metuens</span> <span class='ocrx_word' id='word_1_194' title='bbox 1186 1844 1222 1873; x_wconf 82' lang='lat' dir='ltr'>et</span> <span class='ocrx_word' id='word_1_195' title='bbox 1254 1850 1290 1887; x_wconf 82' lang='lat' dir='ltr'>q.</span> <span class='ocrx_word' id='word_1_196' title='bbox 1324 1850 1351 1875; x_wconf 90' lang='lat' dir='ltr'>s.</span> <span class='ocrx_word' id='word_1_197' title='bbox 1407 1835 1489 1873; x_wconf 91' lang='lat' dir='ltr'>loco</span> <span class='ocrx_word' id='word_1_198' title='bbox 1530 1835 1605 1873; x_wconf 89' lang='lat' dir='ltr'>alio</span> <span class='ocrx_word' id='word_1_199' title='bbox 1649 1848 1697 1873; x_wconf 86' lang='lat' dir='ltr'>ex</span> 
     </span>
     <span class='ocr_line' id='line_1_26' title="bbox 183 1906 1241 1957; baseline 0 -15"><span class='ocrx_word' id='word_1_200' title='bbox 183 1908 363 1956; x_wconf 86' lang='lat' dir='ltr'>temporis</span> <span class='ocrx_word' id='word_1_201' title='bbox 394 1908 547 1944; x_wconf 88' lang='lat' dir='ltr'>notione</span> <span class='ocrx_word' id='word_1_202' title='bbox 580 1906 795 1944; x_wconf 77' lang='lat' dir='ltr'>deflectitur</span> <span class='ocrx_word' id='word_1_203' title='bbox 826 1909 863 1944; x_wconf 90' lang='lat' dir='ltr'>in</span> <span class='ocrx_word' id='word_1_204' title='bbox 897 1908 1241 1957; x_wconf 71' lang='lat' dir='ltr'>comparationem:</span> 
     </span>
    </p>

    <p class='ocr_par' dir='ltr' id='par_1_13' title="bbox 239 1974 1653 2585">
     <span class='ocr_line' id='line_1_27' title="bbox 239 1974 1604 2027; baseline 0 -15"><span class='ocrx_word' id='word_1_205' title='bbox 239 1975 352 2020; x_wconf 83' lang='lat' dir='ltr'>VHI,</span> <span class='ocrx_word' id='word_1_206' title='bbox 384 1977 463 2013; x_wconf 77' lang='lat'>407</span> <span class='ocrx_word' id='word_1_207' title='bbox 514 1975 604 2013; x_wconf 89' lang='lat' dir='ltr'>inde</span> <span class='ocrx_word' id='word_1_208' title='bbox 637 1976 699 2013; x_wconf 88' lang='lat' dir='ltr'>ubi</span> <span class='ocrx_word' id='word_1_209' title='bbox 734 1980 857 2027; x_wconf 82' lang='lat' dir='ltr'>prima</span> <span class='ocrx_word' id='word_1_210' title='bbox 888 1978 996 2027; x_wconf 85' lang='lat' dir='ltr'>quies</span> <span class='ocrx_word' id='word_1_211' title='bbox 1027 1975 1153 2013; x_wconf 83' lang='lat' dir='ltr'>medio</span> <span class='ocrx_word' id='word_1_212' title='bbox 1186 1977 1258 2012; x_wconf 85' lang='lat' dir='ltr'>iam</span> <span class='ocrx_word' id='word_1_213' title='bbox 1292 1976 1415 2012; x_wconf 79' lang='lat' dir='ltr'>noetis</span> <span class='ocrx_word' id='word_1_214' title='bbox 1446 1974 1604 2013; x_wconf 83' lang='lat' dir='ltr'>abactae</span> 
     </span>
     <span class='ocr_line' id='line_1_28' title="bbox 516 2044 1645 2096; baseline -0.001 -14"><span class='ocrx_word' id='word_1_215' title='bbox 516 2046 703 2083; x_wconf 91' lang='lat' dir='ltr'>curriculo</span> <span class='ocrx_word' id='word_1_216' title='bbox 735 2045 935 2096; x_wconf 81' lang='lat' dir='ltr'>expulerat</span> <span class='ocrx_word' id='word_1_217' title='bbox 968 2059 1152 2091; x_wconf 86' lang='lat' dir='ltr'>somnum,</span> <span class='ocrx_word' id='word_1_218' title='bbox 1184 2058 1269 2082; x_wconf 87' lang='lat' dir='ltr'>cum</span> <span class='ocrx_word' id='word_1_219' title='bbox 1300 2044 1441 2081; x_wconf 81' lang='lat' dir='ltr'>femina</span> <span class='ocrx_word' id='word_1_220' title='bbox 1472 2046 1645 2095; x_wconf 88' lang='lat' dir='ltr'>primum,</span> 
     </span>
     <span class='ocr_line' id='line_1_29' title="bbox 515 2114 1456 2166; baseline -0.002 -14"><span class='ocrx_word' id='word_1_221' title='bbox 515 2117 575 2153; x_wconf 89' lang='lat' dir='ltr'>cui</span> <span class='ocrx_word' id='word_1_222' title='bbox 606 2115 768 2153; x_wconf 88' lang='lat' dir='ltr'>tolerare</span> <span class='ocrx_word' id='word_1_223' title='bbox 800 2115 883 2153; x_wconf 92' lang='lat' dir='ltr'>colo</span> <span class='ocrx_word' id='word_1_224' title='bbox 914 2117 1033 2153; x_wconf 84' lang='lat' dir='ltr'>vitam</span> <span class='ocrx_word' id='word_1_225' title='bbox 1065 2117 1246 2166; x_wconf 84' lang='lat' dir='ltr'>tenuique</span> <span class='ocrx_word' id='word_1_226' title='bbox 1277 2114 1456 2152; x_wconf 83' lang='lat' dir='ltr'>Minerva</span> 
     </span>
     <span class='ocr_line' id='line_1_30' title="bbox 518 2185 1519 2236; baseline -0.001 -14"><span class='ocrx_word' id='word_1_227' title='bbox 518 2187 749 2236; x_wconf 88' lang='lat' dir='ltr'>impositum,</span> <span class='ocrx_word' id='word_1_228' title='bbox 782 2187 944 2223; x_wconf 85' lang='lat' dir='ltr'>cinerem</span> <span class='ocrx_word' id='word_1_229' title='bbox 977 2192 1013 2223; x_wconf 88' lang='lat' dir='ltr'>et</span> <span class='ocrx_word' id='word_1_230' title='bbox 1045 2187 1190 2236; x_wconf 84' lang='lat' dir='ltr'>sopitos</span> <span class='ocrx_word' id='word_1_231' title='bbox 1221 2186 1379 2222; x_wconf 87' lang='lat' dir='ltr'>suscitat</span> <span class='ocrx_word' id='word_1_232' title='bbox 1409 2185 1519 2233; x_wconf 86' lang='lat' dir='ltr'>ignes</span> 
     </span>
     <span class='ocr_line' id='line_1_31' title="bbox 514 2253 1653 2306; baseline 0 -14"><span class='ocrx_word' id='word_1_233' title='bbox 514 2261 663 2293; x_wconf 90' lang='lat' dir='ltr'>noctem</span> <span class='ocrx_word' id='word_1_234' title='bbox 695 2254 840 2293; x_wconf 87' lang='lat' dir='ltr'>addens</span> <span class='ocrx_word' id='word_1_235' title='bbox 872 2257 976 2306; x_wconf 85' lang='lat' dir='ltr'>operi</span> <span class='ocrx_word' id='word_1_236' title='bbox 1010 2255 1249 2306; x_wconf 78' lang='lat' dir='ltr'>famulasque</span> <span class='ocrx_word' id='word_1_237' title='bbox 1282 2253 1330 2291; x_wconf 85' lang='lat' dir='ltr'>ad</span> <span class='ocrx_word' id='word_1_238' title='bbox 1362 2254 1507 2291; x_wconf 89' lang='lat' dir='ltr'>lumina</span> <span class='ocrx_word' id='word_1_239' title='bbox 1537 2254 1653 2306; x_wconf 87' lang='lat' dir='ltr'>longo</span> 
     </span>
     <span class='ocr_line' id='line_1_32' title="bbox 513 2323 1414 2376; baseline -0.001 -14"><span class='ocrx_word' id='word_1_240' title='bbox 513 2331 663 2363; x_wconf 85' lang='lat' dir='ltr'>exercet</span> <span class='ocrx_word' id='word_1_241' title='bbox 694 2338 823 2376; x_wconf 89' lang='lat' dir='ltr'>penso,</span> <span class='ocrx_word' id='word_1_242' title='bbox 855 2331 1002 2363; x_wconf 86' lang='lat' dir='ltr'>castum</span> <span class='ocrx_word' id='word_1_243' title='bbox 1032 2330 1074 2362; x_wconf 92' lang='lat' dir='ltr'>ut</span> <span class='ocrx_word' id='word_1_244' title='bbox 1105 2337 1257 2363; x_wconf 88' lang='lat' dir='ltr'>servare</span> <span class='ocrx_word' id='word_1_245' title='bbox 1288 2323 1414 2362; x_wconf 86' lang='lat' dir='ltr'>cubile</span> 
     </span>
     <span class='ocr_line' id='line_1_33' title="bbox 514 2393 1442 2446; baseline 0.002 -15"><span class='ocrx_word' id='word_1_246' title='bbox 514 2396 689 2445; x_wconf 86' lang='lat' dir='ltr'>coniugis</span> <span class='ocrx_word' id='word_1_247' title='bbox 720 2400 757 2432; x_wconf 92' lang='lat' dir='ltr'>et</span> <span class='ocrx_word' id='word_1_248' title='bbox 787 2397 907 2446; x_wconf 86' lang='lat' dir='ltr'>possit</span> <span class='ocrx_word' id='word_1_249' title='bbox 937 2408 1078 2446; x_wconf 87' lang='lat' dir='ltr'>parvos</span> <span class='ocrx_word' id='word_1_250' title='bbox 1110 2393 1271 2433; x_wconf 87' lang='lat' dir='ltr'>educere</span> <span class='ocrx_word' id='word_1_251' title='bbox 1302 2399 1442 2433; x_wconf 89' lang='lat' dir='ltr'>natos:</span> 
     </span>
     <span class='ocr_line' id='line_1_34' title="bbox 514 2463 1596 2516; baseline -0.001 -15"><span class='ocrx_word' id='word_1_252' title='bbox 514 2463 617 2501; x_wconf 81' lang='lat' dir='ltr'>haud</span> <span class='ocrx_word' id='word_1_253' title='bbox 649 2477 758 2502; x_wconf 89' lang='lat' dir='ltr'>secus</span> <span class='ocrx_word' id='word_1_254' title='bbox 789 2465 1016 2516; x_wconf 87' lang='lat' dir='ltr'>Ignipotens</span> <span class='ocrx_word' id='word_1_255' title='bbox 1045 2478 1116 2502; x_wconf 91' lang='lat' dir='ltr'>nec</span> <span class='ocrx_word' id='word_1_256' title='bbox 1146 2470 1317 2515; x_wconf 87' lang='lat' dir='ltr'>tempore</span> <span class='ocrx_word' id='word_1_257' title='bbox 1348 2465 1501 2513; x_wconf 80' lang='lat' dir='ltr'>segnior</span> <span class='ocrx_word' id='word_1_258' title='bbox 1529 2463 1596 2500; x_wconf 90' lang='lat' dir='ltr'>illo</span> 
     </span>
     <span class='ocr_line' id='line_1_35' title="bbox 511 2533 1476 2585; baseline 0 -15"><span class='ocrx_word' id='word_1_259' title='bbox 511 2533 690 2571; x_wconf 89' lang='lat' dir='ltr'>mollibus</span> <span class='ocrx_word' id='word_1_260' title='bbox 721 2547 741 2571; x_wconf 89' lang='lat' dir='ltr'>e</span> <span class='ocrx_word' id='word_1_261' title='bbox 771 2536 901 2571; x_wconf 87' lang='lat' dir='ltr'>stratis</span> <span class='ocrx_word' id='word_1_262' title='bbox 932 2547 1050 2585; x_wconf 87' lang='lat' dir='ltr'>opera</span> <span class='ocrx_word' id='word_1_263' title='bbox 1081 2533 1128 2571; x_wconf 89' lang='lat' dir='ltr'>ad</span> <span class='ocrx_word' id='word_1_264' title='bbox 1162 2534 1316 2571; x_wconf 87' lang='lat' dir='ltr'>fabrilia</span> <span class='ocrx_word' id='word_1_265' title='bbox 1346 2535 1476 2583; x_wconf 83' lang='lat' dir='ltr'>surgit.</span> 
     </span>
    </p>

    <p class='ocr_par' dir='ltr' id='par_1_14' title="bbox 180 2600 1695 2864">
     <span class='ocr_line' id='line_1_36' title="bbox 182 2600 1695 2654; baseline 0.002 -15"><span class='ocrx_word' id='word_1_266' title='bbox 182 2600 279 2639; x_wconf 85' lang='lat' dir='ltr'>Cum</span> <span class='ocrx_word' id='word_1_267' title='bbox 311 2602 411 2638; x_wconf 80' lang='lat' dir='ltr'>enim</span> <span class='ocrx_word' id='word_1_268' title='bbox 445 2608 580 2651; x_wconf 88' lang='lat' dir='ltr'>poetae</span> <span class='ocrx_word' id='word_1_269' title='bbox 610 2604 649 2639; x_wconf 88' lang='lat' dir='ltr'>in</span> <span class='ocrx_word' id='word_1_270' title='bbox 681 2604 808 2640; x_wconf 89' lang='lat' dir='ltr'>animo</span> <span class='ocrx_word' id='word_1_271' title='bbox 852 2610 952 2641; x_wconf 86' lang='lat' dir='ltr'>esset</span> <span class='ocrx_word' id='word_1_272' title='bbox 996 2603 1133 2648; x_wconf 89' lang='lat' dir='ltr'>dicere,</span> <span class='ocrx_word' id='word_1_273' title='bbox 1180 2617 1295 2654; x_wconf 87' lang='lat' dir='ltr'>quam</span> <span class='ocrx_word' id='word_1_274' title='bbox 1337 2609 1484 2640; x_wconf 91' lang='lat' dir='ltr'>maturo</span> <span class='ocrx_word' id='word_1_275' title='bbox 1526 2609 1695 2654; x_wconf 87' lang='lat' dir='ltr'>tempore</span> 
     </span>
     <span class='ocr_line' id='line_1_37' title="bbox 181 2672 1694 2725; baseline 0.001 -15"><span class='ocrx_word' id='word_1_276' title='bbox 181 2672 377 2710; x_wconf 84' lang='lat' dir='ltr'>Volcanus</span> <span class='ocrx_word' id='word_1_277' title='bbox 421 2685 515 2722; x_wconf 87' lang='lat' dir='ltr'>opus</span> <span class='ocrx_word' id='word_1_278' title='bbox 555 2686 664 2709; x_wconf 88' lang='lat' dir='ltr'>suum</span> <span class='ocrx_word' id='word_1_279' title='bbox 706 2675 901 2723; x_wconf 87' lang='lat' dir='ltr'>ingressus</span> <span class='ocrx_word' id='word_1_280' title='bbox 932 2681 1042 2720; x_wconf 90' lang='lat' dir='ltr'>esset,</span> <span class='ocrx_word' id='word_1_281' title='bbox 1084 2687 1143 2712; x_wconf 89' lang='lat' dir='ltr'>res</span> <span class='ocrx_word' id='word_1_282' title='bbox 1173 2676 1269 2725; x_wconf 76' lang='lat' dir='ltr'>ipsa,</span> <span class='ocrx_word' id='word_1_283' title='bbox 1301 2688 1377 2725; x_wconf 90' lang='lat' dir='ltr'>qua</span> <span class='ocrx_word' id='word_1_284' title='bbox 1407 2688 1496 2712; x_wconf 88' lang='lat' dir='ltr'>usus</span> <span class='ocrx_word' id='word_1_285' title='bbox 1527 2674 1694 2712; x_wconf 89' lang='lat' dir='ltr'>studium</span> 
     </span>
     <span class='ocr_line' id='line_1_38' title="bbox 180 2740 1693 2789; baseline 0.001 -10"><span class='ocrx_word' id='word_1_286' title='bbox 180 2755 226 2779; x_wconf 90' lang='lat' dir='ltr'>ac</span> <span class='ocrx_word' id='word_1_287' title='bbox 255 2740 493 2779; x_wconf 85' lang='lat' dir='ltr'>sedulitatem</span> <span class='ocrx_word' id='word_1_288' title='bbox 525 2743 607 2779; x_wconf 88' lang='lat' dir='ltr'>eius</span> <span class='ocrx_word' id='word_1_289' title='bbox 637 2741 829 2789; x_wconf 88' lang='lat' dir='ltr'>describit,</span> <span class='ocrx_word' id='word_1_290' title='bbox 872 2755 957 2779; x_wconf 91' lang='lat' dir='ltr'>cum</span> <span class='ocrx_word' id='word_1_291' title='bbox 996 2741 1043 2778; x_wconf 85' lang='lat' dir='ltr'>ad</span> <span class='ocrx_word' id='word_1_292' title='bbox 1086 2742 1260 2779; x_wconf 87' lang='lat' dir='ltr'>latiorem</span> <span class='ocrx_word' id='word_1_293' title='bbox 1304 2744 1581 2781; x_wconf 89' lang='lat' dir='ltr'>enarrationem</span> <span class='ocrx_word' id='word_1_294' title='bbox 1628 2743 1693 2782; x_wconf 86' lang='lat' dir='ltr'>de-</span> 
     </span>
     <span class='ocr_line' id='line_1_39' title="bbox 182 2811 1689 2864; baseline 0.001 -15"><span class='ocrx_word' id='word_1_295' title='bbox 182 2811 303 2859; x_wconf 85' lang='lat' dir='ltr'>duxit,</span> <span class='ocrx_word' id='word_1_296' title='bbox 352 2816 393 2849; x_wconf 90' lang='lat' dir='ltr'>ut</span> <span class='ocrx_word' id='word_1_297' title='bbox 424 2813 643 2849; x_wconf 85' lang='lat' dir='ltr'>narratione</span> <span class='ocrx_word' id='word_1_298' title='bbox 683 2811 859 2849; x_wconf 85' lang='lat' dir='ltr'>absoluta</span> <span class='ocrx_word' id='word_1_299' title='bbox 905 2813 1047 2863; x_wconf 84' lang='lat' dir='ltr'>optime</span> <span class='ocrx_word' id='word_1_300' title='bbox 1089 2824 1137 2849; x_wconf 81' lang='lat' dir='ltr'>ex</span> <span class='ocrx_word' id='word_1_301' title='bbox 1170 2813 1336 2863; x_wconf 86' lang='lat' dir='ltr'>imagine</span> <span class='ocrx_word' id='word_1_302' title='bbox 1367 2811 1560 2864; x_wconf 87' lang='lat' dir='ltr'>descripta</span> <span class='ocrx_word' id='word_1_303' title='bbox 1592 2826 1689 2852; x_wconf 83' lang='lat' dir='ltr'>com-</span> 
     </span>
    </p>
   </div>
  </div>
 </body>
</html>
