1923 3110
897 505 1086 581 vita..

351 646 478 684 Natus
517 660 599 684 sum
640 647 677 684 T
694 647 718 684 h
736 661 756 686 e
774 662 795 685 o
812 647 837 685 (l
854 662 875 686 o
892 663 910 685 r
926 662 951 686 u
967 663 984 686 s
1017 649 1054 686 D
1073 663 1097 686 ιι
1114 662 1133 687 e
1152 663 1170 686 r
1188 651 1199 686 i
1217 663 1242 686 n
1259 663 1285 699 g
1316 649 1463 688 Emdae
1476 683 1483 697 ,
1526 653 1564 689 in
1609 652 1750 703 oppido

236 716 387 754 Frisiae
419 717 639 765 orientalis,
683 717 807 768 pridie
850 717 930 755 Cal.
968 718 1066 755 Nov.
1112 732 1143 756 a.
1182 721 1289 757 1880
1337 726 1445 770 patre
1484 721 1655 759 Iohanne
1698 721 1752 772 (†)

235 791 356 824 matre
388 786 595 824 Theodora
635 800 654 824 e
692 793 806 837 gente
838 788 970 836 Uffen3
1015 786 1105 825 fidei
1150 787 1328 826 addictus
1372 795 1452 827 tum
1492 790 1750 840 euangelicae.

232 869 322 894 vere
359 871 390 893 a.
428 858 535 894 1899
584 859 816 894 maturitatis
855 859 1071 895 testimonio
1111 860 1302 909 gymnasii
1348 858 1452 910 quod
1498 865 1555 897 est
1601 859 1748 898 Emdae

233 928 443 964 instructus
474 926 695 976 Tubingam
734 940 795 964 me
833 927 975 964 contuli
993 958 1000 973 ‚
1043 933 1086 964 ut
1127 927 1266 965 studiis
1311 928 1556 979 philologieis
1596 942 1749 981 operam

237 995 378 1043 darem,
425 1001 462 1033 et
502 995 713 1034 docuerunt
758 1010 817 1034 mc
859 998 930 1033 viri
974 996 1186 1034 doctissimi
1227 997 1519 1048 Tubingenses:
1565 999 1602 1037 G
1619 1013 1640 1036 a
1655 1014 1674 1036 r
1691 999 1714 1036 b
1731 1012 1752 1037 e

232 1066 461 1116 Herzog
515 1066 574 1103 W.
622 1066 849 1104 Schmid
897 1067 1168 1105 Schwabe
1223 1067 1431 1118 Spitta.
1508 1067 1605 1106 Inde
1656 1082 1745 1107 vere

228 1150 258 1172 a.
298 1138 405 1173 1900
438 1136 657 1174 Bel-olinam
688 1138 872 1187 migravi,
917 1136 981 1174 ubi
1014 1150 1082 1188 per
1112 1139 1186 1175 tria
1215 1140 1412 1175 semestria
1445 1151 1504 1176 me
1535 1137 1746 1176 docuerunt

232 1205 401 1243 Diels
432 1204 611 1243 Graes
636 1206 1293 1245 HeinzeHelmKekule
1320 1207 1751 1246 deStradonitz

232 1275 492 1314 Koehler
523 1276 576 1327 (†)
609 1275 917 1314 Weinhold
949 1276 1010 1315 de
1041 1277 1750 1316 Wilamowitz-Moellen-

227 1344 252 1381 d
270 1359 291 1382 o
306 1359 324 1382 r
339 1345 356 1382 f
368 1345 382 1382 f
399 1376 406 1394 ,
449 1348 565 1383 etiam
604 1345 653 1383 ad
690 1348 985 1384 exercitationes
1015 1360 1075 1385 me
1097 1346 1334 1385 admiserunt
1367 1347 1440 1385 Wi
1456 1348 1470 1384 l
1486 1361 1509 1385 a
1525 1361 1563 1385 m
1580 1362 1601 1385 o
1620 1349 1679 1386 wi
1693 1354 1709 1386 t
1721 1362 1742 1385 z

233 1415 487 1466 philologicas
518 1416 559 1453 K
577 1429 597 1453 ο
616 1429 635 1454 e
651 1416 675 1453 h
693 1416 705 1453 l
722 1429 742 1454 e
759 1430 776 1453 r
806 1416 1020 1454 historicas.

348 1486 482 1524 Mense
515 1485 674 1524 Octobri
706 1500 737 1523 a.
760 1488 865 1524 1901
902 1487 1040 1524 almam
1072 1486 1286 1525 litterarum
1319 1488 1606 1525 universitatem
1629 1486 1749 1526 Geor-

230 1557 335 1605 giam
367 1555 584 1606 Augustam
616 1555 911 1606 Gottingensem
943 1556 1033 1605 adii,
1081 1556 1147 1594 ubi
1177 1570 1299 1608 usque
1330 1556 1456 1594 adhuc
1487 1556 1624 1595 studiis
1664 1557 1749 1608 phi-

232 1625 407 1676 lologieis
448 1625 749 1676 archaeologicis
791 1626 982 1664 historicis
1022 1640 1177 1678 operam
1218 1626 1306 1664 dedi
1327 1644 1335 1675 3
1381 1633 1496 1678 atque
1535 1626 1748 1665 docuerunt

235 1709 296 1733 me
326 1698 399 1733 viri
433 1696 631 1734 clarissimi
655 1696 930 1747 Gottingenses
952 1697 983 1734 B
1002 1711 1026 1734 u
1043 1712 1060 1733 s
1078 1711 1098 1733 o
1115 1697 1129 1734 l
1147 1703 1161 1734 t
1191 1697 1229 1734 D
1246 1699 1255 1733 i
1271 1697 1284 1733 l
1301 1702 1316 1734 t
1331 1696 1356 1733 h
1372 1710 1392 1735 e
1408 1711 1434 1748 y
1467 1697 1499 1733 L
1516 1710 1536 1735 e
1552 1697 1577 1734 h
1593 1711 1629 1734 m
1647 1712 1669 1734 a
1683 1711 1708 1735 n
1723 1711 1749 1735 n

234 1766 344 1804 Leo
389 1767 681 1804 Schwartz
727 1767 973 1805 Vischcr
1017 1766 1445 1817 Wackernagel
1477 1767 1749 1805 Wentzel.

235 1838 428 1874 seminarii
470 1838 564 1886 regii
611 1836 895 1887 philologorum
927 1836 1196 1885 Gottingensis
1241 1849 1308 1887 per
1353 1836 1411 1874 IV
1451 1838 1646 1874 semestria
1690 1849 1749 1874 so-

231 1905 329 1944 dalis
359 1906 425 1954 fui,
466 1920 627 1957 quorum
659 1920 725 1957 per
756 1906 831 1944 duo
862 1908 998 1953 senior,
1042 1908 1233 1945 seminarii
1276 1906 1555 1956 archaeologici
1586 1919 1654 1958 per
1684 1906 1744 1944 VI

241 1977 448 2023 semestria,
466 1990 642 2027 *quorum
673 1990 741 2027 per
771 1976 846 2014 duo
878 1978 1005 2014 senior
1035 1982 1072 2014 et
1102 1976 1265 2014 adiutor.
1326 1981 1523 2027 praeterea
1566 1978 1751 2014 exercita-

237 2045 407 2083 tionibus
439 2046 623 2083 intercsse
653 2046 745 2082 mihi
780 2051 1047 2084 concesserunt
1078 2046 1110 2082 B
1124 2045 1273 2083 randi
1306 2046 1338 2082 B
1354 2059 1379 2083 u
1393 2060 1410 2084 s
1425 2059 1445 2083 ο
1460 2045 1503 2082 lt
1543 2045 1749 2093 historicis,

235 2117 297 2155 W.
340 2118 382 2154 M
401 2130 420 2155 e
436 2131 462 2168 y
480 2130 500 2155 c
516 2132 534 2154 r
586 2117 940 2168 palaeographicis,
992 2117 1042 2154 W
1063 2131 1085 2154 a
1101 2131 1121 2154 c
1138 2116 1164 2153 k
1182 2130 1201 2154 e
1219 2131 1236 2153 r
1251 2130 1275 2153 n
1292 2130 1314 2153 a
1331 2130 1356 2166 g
1373 2116 1422 2154 el
1472 2117 1744 2166 grammaticis.

351 2186 550 2234 Omnibus,
599 2189 663 2238 qui
695 2201 755 2225 me
787 2187 1008 2234 docueruut,
1050 2193 1234 2239 quantum
1266 2186 1428 2224 debeam
1459 2198 1608 2236 semper
1637 2190 1747 2234 grato

227 2258 354 2295 animo
384 2256 543 2304 habebo,
575 2259 779 2308 praecipue
808 2263 935 2295 autem
966 2270 1041 2304 eos,
1074 2259 1138 2308 qui
1171 2258 1312 2294 eximia
1343 2257 1382 2293 in
1412 2268 1471 2293 me
1502 2255 1742 2304 benignitate

228 2327 357 2365 studia
387 2340 469 2365 mea
501 2327 688 2373 foverunt,
727 2341 801 2378 qua
832 2341 901 2378 par
932 2333 989 2365 est
1018 2328 1232 2365 reverentia
1263 2326 1396 2363 colam.
1457 2330 1585 2374 grates
1616 2330 1744 2362 autem

238 2411 351 2448 quam
382 2399 572 2434 maximas
608 2411 680 2447 ago
713 2398 746 2434 F
760 2397 842 2434 rid
858 2410 878 2435 e
896 2411 913 2434 r
930 2399 942 2434 i
960 2412 979 2434 c
997 2410 1017 2434 o
1052 2397 1083 2434 L
1101 2409 1121 2434 e
1140 2410 1172 2443 ο,
1225 2408 1349 2446 quem¹
1367 2394 1506 2432 studiis
1536 2395 1631 2432 meis
1663 2394 1748 2445 phi-

236 2466 412 2516 lologieis
457 2480 605 2504 sumnia
652 2467 889 2505 humanitate
934 2468 1178 2518 prospexisse
1222 2471 1331 2515 grato
1377 2466 1503 2502 animo
1547 2469 1585 2502 et
1628 2463 1750 2501 fateor

239 2542 274 2574 et
307 2549 354 2574 ex
385 2536 458 2574 hac
489 2535 757 2575 dissertatione
789 2537 904 2575 velim
935 2540 1194 2586 cognoscatur.
