1923 3110
930 129 951 164 7

298 241 443 292 Argon.
475 241 544 287 VI,
580 243 658 279 336
828 240 890 278 ubi
925 246 1001 278 tam
1034 253 1148 278 saevo
1182 240 1407 279 duravimus
1440 256 1548 279 amne

705 312 924 361 progeniem
955 316 1142 361 natosque
1172 309 1297 351 rudes,

182 391 254 429 hoc
299 391 412 429 modo
458 392 618 442 figuram
665 392 926 440 Vergilianam
975 392 1184 429 eliminans.
1260 392 1421 430 eandem
1474 395 1700 430 sentmtiam

185 461 304 500 Silius
336 461 494 499 Italicus
525 463 713 513 expressit
744 461 767 498 l.
800 461 869 504 IV,
902 475 935 498 v.
972 463 1050 499 226

414 556 583 594 quosque
613 545 652 580 in
684 543 916 593 praegelidis
949 542 1106 581 duratos
1139 543 1308 581 Hernica
1341 546 1434 580 rivis

413 611 616 649 mittebant
647 626 751 649 saxa.

180 693 255 730 His
300 700 426 731 autem
467 693 643 731 omnibus
689 694 930 731 manifestum
977 700 1034 731 est
1083 707 1165 731 eam
1210 694 1356 740 figurae
1400 694 1438 732 ἓν
1481 692 1546 732 διὰ
1590 693 1698 734 δυοῖν

185 765 349 814 speciem
382 776 429 801 ex
460 765 584 814 poetis
616 766 734 814 epicis
766 778 882 801 unum
917 764 1133 812 Vergilium
1165 764 1326 801 coluisse
1345 763 1381 811 ι),

293 833 476 882 Figuram
517 832 555 872 ἓν
595 832 658 872 διὰ
702 832 808 872 δ’)οῖν
853 836 906 870 ita
937 835 1324 884 eirmunscripsiums,
1369 838 1409 870 ut
1450 835 1503 870 eis
1544 839 1693 870 tantum

182 902 277 940 locis
326 909 588 949 statueremus,
641 903 780 954 quibus
824 917 899 940 una
941 916 998 940 res
1043 905 1079 939 in
1124 902 1219 940 duas
1264 905 1437 940 notiones
1470 901 1596 939 divisa
1628 908 1696 940 cst.

181 973 246 1012 sed
279 976 353 1011 iam
384 974 552 1011 vidimus
584 977 755 1026 proxime
787 975 968 1012 accedere
999 974 1038 1012 id
1079 975 1225 1024 figurae
1267 988 1398 1024 genus,
1442 989 1518 1026 quo
1561 975 1598 1011 fit
1644 980 1699 1022 ut,

182 1043 284 1094 quod
337 1058 412 1081 una
455 1046 611 1081 notione
659 1046 754 1081 satis
800 1044 1008 1081 indicatum
1056 1046 1125 1090 sit,
1177 1044 1298 1081 altera
1339 1044 1471 1081 addita
1515 1044 1698 1081 firmetur.

185 1127 307 1164 neque
338 1115 576 1161 grannnatici
609 1113 811 1151 discrimen
843 1116 999 1151 t'uciunt.
1033 1121 1157 1150 utrum
1191 1128 1265 1150 una
1299 1128 1355 1150 ros
1388 1116 1425 1150 in
1457 1113 1552 1151 duas
1574 1113 1698 1150 divisa

183 1197 232 1220 an
263 1185 390 1232 potius
422 1183 480 1220 bis
523 1182 622 1220 idem
655 1182 799 1220 dictum
832 1185 893 1230 sit,
942 1183 1045 1220 velut
1087 1182 1135 1219 ad
1168 1183 1265 1219 Aen.
1300 1183 1350 1228 II,
1385 1185 1462 1220 027
1505 1187 1604 1228 feri-n
1645 1196 1700 1219 (m-

183 1257 291 1290 cisam
323 1256 525 1300 crebrisque
558 1256 773 1299 bipennibus
805 1254 959 1290 Servius
991 1252 1179 1303 explicat:
1230 1256 1426 1301 lawtoonia
1461 1260 1519 1290 ossi.
1553 1252 1699 1289 scholia

183 1321 346 1360 habent:
381 1321 420 1361 ἓν
454 1320 523 1361 διὰ
555 1321 674 1368 δυοῖν,
706 1329 743 1360 et
775 1324 932 1360 Servius
963 1322 1012 1359 ad
1045 1324 1139 1359 Aen.
1175 1322 1220 1368 V,
1253 1325 1334 1359 410

413 1403 505 1454 quid
537 1405 659 1454 siquis
691 1409 840 1441 caestus
872 1406 994 1454 ipsius
1024 1410 1060 1441 et
1094 1403 1273 1441 Herculis
1305 1417 1409 1440 arma

416 1472 580 1510 vidisset

185 1554 343 1593 adnotat
375 1554 414 1594 ἓν
448 1554 512 1594 διὰ
544 1554 651 1595 δυοῖν
681 1571 788 1594 arma
821 1560 858 1594 id
889 1564 938 1594 est
969 1563 1118 1594 caestus.
1180 1568 1316 1606 nempe
1346 1555 1584 1603 grammatici
1628 1568 1702 1591 non

185 1631 320 1662 curant
344 1624 466 1662 altera
498 1627 602 1662 notio
636 1625 727 1676 quid
758 1625 804 1662 ad
839 1628 1000 1676 priorem
1035 1625 1171 1662 valeat.
1234 1624 1345 1661 nobis
1376 1630 1513 1669 tamen,
1545 1625 1574 1660 si
1608 1622 1701 1673 quid

178 1693 364 1745 proficere
407 1694 594 1741 volumus,
645 1697 683 1732 in
734 1697 865 1745 primis
897 1694 1176 1733 observandum
1221 1700 1288 1743 est,
1339 1706 1436 1743 quae
1468 1694 1565 1729 ratio
1598 1694 1698 1730 inter

183 1763 278 1801 duas
309 1777 372 1801 eas
403 1765 577 1802 notiones
609 1764 822 1802 intercedat
839 1764 880 1813 ²).

296 1833 427 1884 Atque
458 1847 542 1871 raro
573 1834 626 1880 fit,
659 1841 699 1871 ut
732 1834 892 1872 duarum
927 1836 1125 1872 notionum
1157 1836 1196 1871 in
1230 1846 1341 1870 unam
1374 1830 1698 1882 comprehenden-

185 1901 318 1940 darum
351 1903 471 1940 altera
502 1905 638 1954 prioris
669 1906 832 1941 variatio
873 1910 1021 1942 tautum
1063 1905 1124 1942 sit.
1188 1903 1411 1953 plerumque
1458 1907 1523 1938 aut
1564 1913 1702 1951 epexe-

284 2097 316 2137 l)
343 2101 462 2127 tamen
502 2102 643 2138 poetam
682 2098 833 2139 figuram
871 2096 1048 2130 invenisse
1087 2096 1227 2129 minime
1265 2093 1363 2128 erodi
1405 2098 1541 2137 potest:
1584 2092 1703 2136 potius

184 2152 396 2187 crediderim
438 2164 515 2188 eam
543 2165 585 2188 ex
622 2165 785 2189 sermone
825 2155 962 2198 vulgari
998 2159 1176 2198 sumptam
1212 2164 1300 2196 esse,
1342 2151 1436 2196 quod
1475 2151 1623 2196 probari
1658 2151 1705 2184 vi-

184 2211 290 2246 detur
315 2223 419 2246 versu
446 2213 566 2246 Plauti
593 2213 712 2247 Aulul.
740 2216 808 2248 710
835 2215 908 2248 scio
931 2214 1033 2255 fures
1061 2224 1134 2247 esse
1161 2214 1218 2247 711'11
1245 2215 1453 2256 complure-v.
1487 2212 1548 2256 qm?
1580 2210 1707 2244 vestitu

187 2276 218 2306 et
242 2276 336 2306 creta
363 2273 539 2306 occultant
566 2283 639 2306 sese
666 2277 771 2316 atque
797 2273 916 2307 sedent
945 2274 1053 2316 quasi
1079 2274 1151 2306 sint
1174 2272 1284 2316 frugfi,
1312 2271 1373 2305 ubi
1407 2270 1531 2304 vestitu
1558 2274 1587 2303 et
1614 2273 1707 2303 creta

182 2330 271 2364 nihil
309 2330 406 2365 aliud
446 2341 523 2365 esse
566 2331 707 2366 videtur
745 2333 813 2366 nisi
854 2337 977 2367 vestrm
1016 2337 1159 2367 Cretaeo.
1226 2330 1393 2366 conferas
1436 2329 1705 2364 adnotationem

185 2389 359 2434 Ussingii.

278 2463 314 2504 2)
342 2460 522 2495 dissentio
573 2470 594 2494 a
619 2461 695 2494 viro
723 2461 965 2495 eruditissimo
994 2459 1165 2494 Eduardo
1192 2458 1349 2500 Norden,
1390 2458 1450 2500 qui
1475 2458 1495 2491 l.
1523 2458 1544 2490 l.
1573 2469 1605 2501 p.
1639 2459 1703 2491 128

184 2519 337 2553 coniecit
361 2520 571 2563 plerumque
608 2519 759 2554 duarum
776 2521 960 2554 notionum
987 2521 1036 2554 ita
1064 2521 1158 2554 inter
1185 2530 1222 2554 se
1250 2519 1522 2553 conium-tarum
1548 2517 1702 2550 alteram

184 2589 228 2612 ex
246 2578 346 2622 poesi
364 2578 531 2612 archaica
551 2584 729 2622 sumptam
754 2590 842 2614 θεῆς.
882 2585 991 2623 atque
1010 2580 1151 2613 minime
1170 2589 1259 2621 nego
1279 2577 1475 2620 Vergilium
1494 2577 1586 2610 hanc
1604 2575 1703 2609 illam

183 2637 363 2672 notionem
389 2637 433 2671 ab
453 2637 716 2680 antiquioribus
739 2640 868 2682 poetis,
895 2640 930 2672 in
957 2639 1081 2682 primis
1110 2639 1154 2672 ab
1175 2638 1302 2678 Ennio,
1325 2637 1361 2670 iu
1385 2646 1485 2670 suam
1513 2635 1705 2669 dictionem

182 2696 432 2737 transtulisse,
473 2695 536 2730 sed
563 2706 722 2730 errorem
749 2698 835 2732 eius.
871 2698 931 2740 qui
968 2698 1043 2731 fere
1071 2698 1234 2731 omnibus
1261 2696 1361 2736 locis,
1391 2695 1519 2738 quibus
1559 2693 1700 2728 duabus

185 2755 330 2789 vocibus
358 2755 411 2789 bis
438 2753 529 2789 idem
557 2754 790 2798 significatur,
817 2766 923 2790 unam
952 2756 1068 2790 Ennio
1096 2755 1219 2791 deberi
1245 2754 1438 2795 existima-t,
1466 2753 1572 2796 plane
1597 2756 1697 2796 pate-

186 2813 286 2858 facit,
315 2813 409 2861 quod
437 2814 569 2858 ubique
597 2818 696 2849 certa
722 2815 816 2849 ratio
844 2814 933 2849 duas
959 2815 1040 2850 illas
1067 2815 1231 2850 notiones
1259 2813 1452 2857 coniungit.
