<?xml version="1.0" encoding="UTF-8"?>
<!DOCTYPE html PUBLIC "-//W3C//DTD XHTML 1.0 Transitional//EN"
    "http://www.w3.org/TR/xhtml1/DTD/xhtml1-transitional.dtd">
<html xmlns="http://www.w3.org/1999/xhtml" xml:lang="en" lang="en">
 <head>
  <title>
</title>
<meta http-equiv="Content-Type" content="text/html;charset=utf-8" />
  <meta name='ocr-system' content='tesseract 3.04.00' />
  <meta name='ocr-capabilities' content='ocr_page ocr_carea ocr_par ocr_line ocrx_word'/>
</head>
<body>
  <div class='ocr_page' id='page_1' title='image "./devirgiliisermon00druoft_0061.png"; bbox 0 0 1923 3110; ppageno 0'>
   <div class='ocr_carea' id='block_1_1' title="bbox 908 139 956 177">
    <p class='ocr_par' dir='ltr' id='par_1_1' title="bbox 908 139 956 177">
     <span class='ocr_line' id='line_1_1' title="bbox 908 139 956 177; baseline -0.042 0"><span class='ocrx_word' id='word_1_1' title='bbox 908 139 956 177; x_wconf 81' lang='lat'>51</span> 
     </span>
    </p>
   </div>
   <div class='ocr_carea' id='block_1_2' title="bbox 162 250 1726 1979">
    <p class='ocr_par' dir='ltr' id='par_1_2' title="bbox 166 250 1726 652">
     <span class='ocr_line' id='line_1_2' title="bbox 282 250 1726 303; baseline 0.001 -13"><span class='ocrx_word' id='word_1_2' title='bbox 282 252 363 290; x_wconf 83' lang='lat' dir='ltr'>Iam</span> <span class='ocrx_word' id='word_1_3' title='bbox 407 251 665 302; x_wconf 70' lang='lat' dir='ltr'>disputatione</span> <span class='ocrx_word' id='word_1_4' title='bbox 706 252 753 289; x_wconf 76' lang='lat' dir='ltr'>«le</span> <span class='ocrx_word' id='word_1_5' title='bbox 785 253 903 303; x_wconf 73' lang='lat' dir='ltr'>figura</span> <span class='ocrx_word' id='word_1_6' title='bbox 937 250 1015 292; x_wconf 75' lang='grc' dir='ltr'>ἀπὸ</span> <span class='ocrx_word' id='word_1_7' title='bbox 1048 258 1178 292; x_wconf 69' lang='grc' dir='ltr'>κοινοῦ</span> <span class='ocrx_word' id='word_1_8' title='bbox 1210 253 1385 291; x_wconf 68' lang='lat' dir='ltr'>absoluta</span> <span class='ocrx_word' id='word_1_9' title='bbox 1428 268 1504 291; x_wconf 89' lang='lat' dir='ltr'>non</span> <span class='ocrx_word' id='word_1_10' title='bbox 1536 253 1680 293; x_wconf 82' lang='lat' dir='ltr'>diutius</span> <span class='ocrx_word' id='word_1_11' title='bbox 1724 260 1726 263; x_wconf 82' lang='grc'>’</span> 
     </span>
     <span class='ocr_line' id='line_1_3' title="bbox 166 321 1682 373; baseline 0.002 -15"><span class='ocrx_word' id='word_1_12' title='bbox 166 321 338 359; x_wconf 83' lang='lat' dir='ltr'>retinebo</span> <span class='ocrx_word' id='word_1_13' title='bbox 382 336 480 373; x_wconf 76' lang='lat' dir='ltr'>quae</span> <span class='ocrx_word' id='word_1_14' title='bbox 511 323 679 373; x_wconf 71' lang='lat' dir='ltr'>promisi,</span> <span class='ocrx_word' id='word_1_15' title='bbox 711 322 857 359; x_wconf 81' lang='lat' dir='ltr'>seilicet</span> <span class='ocrx_word' id='word_1_16' title='bbox 888 336 948 359; x_wconf 86' lang='lat' dir='ltr'>me</span> <span class='ocrx_word' id='word_1_17' title='bbox 977 321 1324 360; x_wconf 74' lang='lat' dir='ltr'>(leinonstratnrlnn</span> <span class='ocrx_word' id='word_1_18' title='bbox 1358 336 1440 361; x_wconf 80' lang='lat' dir='ltr'>esse</span> <span class='ocrx_word' id='word_1_19' title='bbox 1469 325 1570 361; x_wconf 86' lang='lat' dir='ltr'>inter</span> <span class='ocrx_word' id='word_1_20' title='bbox 1601 337 1682 361; x_wconf 90' lang='lat' dir='ltr'>cur—</span> 
     </span>
     <span class='ocr_line' id='line_1_4' title="bbox 168 391 1680 442; baseline 0.001 -13"><span class='ocrx_word' id='word_1_21' title='bbox 168 403 251 429; x_wconf 86' lang='lat' dir='ltr'>sum</span> <span class='ocrx_word' id='word_1_22' title='bbox 281 404 412 429; x_wconf 87' lang='lat' dir='ltr'>versus</span> <span class='ocrx_word' id='word_1_23' title='bbox 443 397 479 429; x_wconf 91' lang='lat' dir='ltr'>et</span> <span class='ocrx_word' id='word_1_24' title='bbox 511 391 657 441; x_wconf 83' lang='lat' dir='ltr'>figurae</span> <span class='ocrx_word' id='word_1_25' title='bbox 690 391 814 428; x_wconf 88' lang='lat' dir='ltr'>locum</span> <span class='ocrx_word' id='word_1_26' title='bbox 845 398 986 428; x_wconf 83' lang='lat' dir='ltr'>certam</span> <span class='ocrx_word' id='word_1_27' title='bbox 1016 393 1202 429; x_wconf 81' lang='lat' dir='ltr'>rationem</span> <span class='ocrx_word' id='word_1_28' title='bbox 1226 391 1461 430; x_wconf 73' lang='lat' dir='ltr'>intercedere</span> <span class='ocrx_word' id='word_1_29' title='bbox 1481 391 1516 442; x_wconf 87' lang='lat'>¹).</span> <span class='ocrx_word' id='word_1_30' title='bbox 1575 392 1680 431; x_wconf 90' lang='lat' dir='ltr'>ideo-</span> 
     </span>
     <span class='ocr_line' id='line_1_5' title="bbox 172 460 1684 512; baseline 0.002 -15"><span class='ocrx_word' id='word_1_31' title='bbox 172 473 244 512; x_wconf 84' lang='lat' dir='ltr'>que</span> <span class='ocrx_word' id='word_1_32' title='bbox 274 463 388 499; x_wconf 80' lang='lat' dir='ltr'>etiam</span> <span class='ocrx_word' id='word_1_33' title='bbox 421 460 545 498; x_wconf 84' lang='lat' dir='ltr'>adhuc</span> <span class='ocrx_word' id='word_1_34' title='bbox 573 463 679 498; x_wconf 86' lang='lat' dir='ltr'>omisi</span> <span class='ocrx_word' id='word_1_35' title='bbox 712 473 795 498; x_wconf 75' lang='lat' dir='ltr'>eain</span> <span class='ocrx_word' id='word_1_36' title='bbox 827 463 989 510; x_wconf 84' lang='lat' dir='ltr'>speciem</span> <span class='ocrx_word' id='word_1_37' title='bbox 1021 461 1167 509; x_wconf 81' lang='lat' dir='ltr'>figurae</span> <span class='ocrx_word' id='word_1_38' title='bbox 1199 475 1273 512; x_wconf 82' lang='lat' dir='ltr'>qua</span> <span class='ocrx_word' id='word_1_39' title='bbox 1301 461 1513 499; x_wconf 79' lang='lat' dir='ltr'>subiectum</span> <span class='ocrx_word' id='word_1_40' title='bbox 1535 461 1684 500; x_wconf 84' lang='lat' dir='ltr'>duobus</span> 
     </span>
     <span class='ocr_line' id='line_1_6' title="bbox 167 531 1683 584; baseline 0.001 -15"><span class='ocrx_word' id='word_1_41' title='bbox 167 532 295 570; x_wconf 87' lang='lat' dir='ltr'>verbis</span> <span class='ocrx_word' id='word_1_42' title='bbox 337 546 535 571; x_wconf 84' lang='lat' dir='ltr'>commune</span> <span class='ocrx_word' id='word_1_43' title='bbox 575 532 682 569; x_wconf 80' lang='lat' dir='ltr'>alteri</span> <span class='ocrx_word' id='word_1_44' title='bbox 726 537 873 569; x_wconf 80' lang='lat' dir='ltr'>tantum</span> <span class='ocrx_word' id='word_1_45' title='bbox 912 531 1101 569; x_wconf 84' lang='lat' dir='ltr'>adiectum</span> <span class='ocrx_word' id='word_1_46' title='bbox 1147 534 1208 578; x_wconf 66' lang='lat' dir='ltr'>sit7</span> <span class='ocrx_word' id='word_1_47' title='bbox 1254 535 1435 583; x_wconf 79' lang='lat' dir='ltr'>qnoniam</span> <span class='ocrx_word' id='word_1_48' title='bbox 1475 535 1513 570; x_wconf 92' lang='lat' dir='ltr'>in</span> <span class='ocrx_word' id='word_1_49' title='bbox 1545 547 1589 571; x_wconf 89' lang='lat' dir='ltr'>eo</span> <span class='ocrx_word' id='word_1_50' title='bbox 1620 546 1683 584; x_wconf 81' lang='lat' dir='ltr'>ge-</span> 
     </span>
     <span class='ocr_line' id='line_1_7' title="bbox 172 600 1636 652; baseline -0.001 -12"><span class='ocrx_word' id='word_1_51' title='bbox 172 615 261 640; x_wconf 86' lang='lat' dir='ltr'>nere</span> <span class='ocrx_word' id='word_1_52' title='bbox 292 602 438 652; x_wconf 78' lang='lat' dir='ltr'>figurae</span> <span class='ocrx_word' id='word_1_53' title='bbox 469 614 528 640; x_wconf 87' lang='lat' dir='ltr'>me</span> <span class='ocrx_word' id='word_1_54' title='bbox 558 600 708 638; x_wconf 80' lang='lat' dir='ltr'>facilius</span> <span class='ocrx_word' id='word_1_55' title='bbox 740 615 862 652; x_wconf 77' lang='lat' dir='ltr'>spero,</span> <span class='ocrx_word' id='word_1_56' title='bbox 897 601 986 652; x_wconf 81' lang='lat' dir='ltr'>quid</span> <span class='ocrx_word' id='word_1_57' title='bbox 1020 604 1192 647; x_wconf 83' lang='lat' dir='ltr'>sentiam,</span> <span class='ocrx_word' id='word_1_58' title='bbox 1223 616 1334 652; x_wconf 71' lang='lat' dir='ltr'>posse</span> <span class='ocrx_word' id='word_1_59' title='bbox 1367 601 1636 640; x_wconf 78' lang='lat' dir='ltr'>demonstrare.</span> 
     </span>
    </p>

    <p class='ocr_par' dir='ltr' id='par_1_3' title="bbox 166 671 1689 1128">
     <span class='ocr_line' id='line_1_8' title="bbox 291 671 1689 724; baseline 0 -14"><span class='ocrx_word' id='word_1_60' title='bbox 291 671 426 710; x_wconf 84' lang='lat' dir='ltr'>Cuivis</span> <span class='ocrx_word' id='word_1_61' title='bbox 468 678 596 709; x_wconf 88' lang='lat' dir='ltr'>notum</span> <span class='ocrx_word' id='word_1_62' title='bbox 640 678 717 713; x_wconf 77' lang='lat' dir='ltr'>est,</span> <span class='ocrx_word' id='word_1_63' title='bbox 767 674 797 708; x_wconf 83' lang='lat' dir='ltr'>si</span> <span class='ocrx_word' id='word_1_64' title='bbox 843 671 960 709; x_wconf 85' lang='lat' dir='ltr'>verbo</span> <span class='ocrx_word' id='word_1_65' title='bbox 1008 672 1120 709; x_wconf 78' lang='lat' dir='ltr'>alicui</span> <span class='ocrx_word' id='word_1_66' title='bbox 1165 674 1343 710; x_wconf 84' lang='lat' dir='ltr'>maiorem</span> <span class='ocrx_word' id='word_1_67' title='bbox 1387 672 1578 724; x_wconf 75' lang='lat' dir='ltr'>quandam</span> <span class='ocrx_word' id='word_1_68' title='bbox 1616 675 1689 710; x_wconf 84' lang='lat' dir='ltr'>vim</span> 
     </span>
     <span class='ocr_line' id='line_1_9' title="bbox 177 740 1688 792; baseline 0.001 -14"><span class='ocrx_word' id='word_1_69' title='bbox 177 740 267 779; x_wconf 81' lang='lat' dir='ltr'>dare</span> <span class='ocrx_word' id='word_1_70' title='bbox 300 741 496 791; x_wconf 70' lang='lat' dir='ltr'>volumus,</span> <span class='ocrx_word' id='word_1_71' title='bbox 543 740 579 777; x_wconf 77' lang='lat' dir='ltr'>id</span> <span class='ocrx_word' id='word_1_72' title='bbox 613 755 687 778; x_wconf 84' lang='lat' dir='ltr'>non</span> <span class='ocrx_word' id='word_1_73' title='bbox 721 741 840 778; x_wconf 75' lang='lat' dir='ltr'>solun}</span> <span class='ocrx_word' id='word_1_74' title='bbox 874 756 965 778; x_wconf 63' lang='lat' dir='ltr'>sono</span> <span class='ocrx_word' id='word_1_75' title='bbox 1000 741 1059 779; x_wconf 78' lang='lat' dir='ltr'>vel</span> <span class='ocrx_word' id='word_1_76' title='bbox 1102 744 1359 792; x_wconf 70' lang='lat' dir='ltr'>exspiratione</span> <span class='ocrx_word' id='word_1_77' title='bbox 1397 742 1578 789; x_wconf 80' lang='lat' dir='ltr'>fortiore,</span> <span class='ocrx_word' id='word_1_78' title='bbox 1624 742 1688 780; x_wconf 81' lang='lat' dir='ltr'>sed</span> 
     </span>
     <span class='ocr_line' id='line_1_10' title="bbox 168 809 1689 861; baseline 0.001 -13"><span class='ocrx_word' id='word_1_79' title='bbox 168 809 289 849; x_wconf 74' lang='lat' dir='ltr'>&#39;etiam</span> <span class='ocrx_word' id='word_1_80' title='bbox 321 811 573 849; x_wconf 84' lang='lat' dir='ltr'>collocatione</span> <span class='ocrx_word' id='word_1_81' title='bbox 607 810 806 848; x_wconf 83' lang='lat' dir='ltr'>verborum</span> <span class='ocrx_word' id='word_1_82' title='bbox 840 810 949 847; x_wconf 73' lang='lat' dir='ltr'>effici.</span> <span class='ocrx_word' id='word_1_83' title='bbox 1014 810 1113 861; x_wconf 80' lang='lat' dir='ltr'>quod</span> <span class='ocrx_word' id='word_1_84' title='bbox 1149 824 1232 848; x_wconf 78' lang='lat' dir='ltr'>cuni</span> <span class='ocrx_word' id='word_1_85' title='bbox 1272 814 1387 848; x_wconf 79' lang='lat' dir='ltr'>etiam</span> <span class='ocrx_word' id='word_1_86' title='bbox 1432 814 1469 848; x_wconf 90' lang='lat' dir='ltr'>in</span> <span class='ocrx_word' id='word_1_87' title='bbox 1518 825 1689 850; x_wconf 72' lang='lat' dir='ltr'>sermone</span> 
     </span>
     <span class='ocr_line' id='line_1_11' title="bbox 170 879 1683 933; baseline 0 -14"><span class='ocrx_word' id='word_1_88' title='bbox 170 879 336 932; x_wconf 81' lang='lat' dir='ltr'>pedestri</span> <span class='ocrx_word' id='word_1_89' title='bbox 382 880 579 918; x_wconf 79' lang='lat' dir='ltr'>observari</span> <span class='ocrx_word' id='word_1_90' title='bbox 619 881 759 930; x_wconf 79' lang='lat' dir='ltr'>possit,</span> <span class='ocrx_word' id='word_1_91' title='bbox 811 880 930 917; x_wconf 90' lang='lat' dir='ltr'>multo</span> <span class='ocrx_word' id='word_1_92' title='bbox 976 882 1099 929; x_wconf 77' lang='lat' dir='ltr'>inagis</span> <span class='ocrx_word' id='word_1_93' title='bbox 1142 883 1179 917; x_wconf 89' lang='lat' dir='ltr'>in</span> <span class='ocrx_word' id='word_1_94' title='bbox 1218 894 1390 919; x_wconf 83' lang='lat' dir='ltr'>sermone</span> <span class='ocrx_word' id='word_1_95' title='bbox 1422 883 1572 933; x_wconf 82' lang='lat' dir='ltr'>poetico</span> <span class='ocrx_word' id='word_1_96' title='bbox 1604 883 1683 920; x_wconf 83' lang='lat' dir='ltr'>fieri</span> 
     </span>
     <span class='ocr_line' id='line_1_12' title="bbox 167 950 1685 1002; baseline 0.001 -14"><span class='ocrx_word' id='word_1_97' title='bbox 167 956 464 989; x_wconf 83' lang='lat' dir='ltr'>consentaneum</span> <span class='ocrx_word' id='word_1_98' title='bbox 497 956 563 995; x_wconf 25' lang='lat' dir='ltr'>esti</span> <span class='ocrx_word' id='word_1_99' title='bbox 609 951 791 1001; x_wconf 80' lang='lat' dir='ltr'>quoniam</span> <span class='ocrx_word' id='word_1_100' title='bbox 825 963 954 987; x_wconf 71' lang='lat' dir='ltr'>versus</span> <span class='ocrx_word' id='word_1_101' title='bbox 986 950 1114 1001; x_wconf 78' lang='lat' dir='ltr'>plures</span> <span class='ocrx_word' id='word_1_102' title='bbox 1156 951 1259 988; x_wconf 84' lang='lat' dir='ltr'>locos</span> <span class='ocrx_word' id='word_1_103' title='bbox 1300 951 1426 998; x_wconf 79' lang='lat' dir='ltr'>habet,</span> <span class='ocrx_word' id='word_1_104' title='bbox 1477 951 1618 1002; x_wconf 88' lang='lat' dir='ltr'>quibus</span> <span class='ocrx_word' id='word_1_105' title='bbox 1656 955 1685 990; x_wconf 86' lang='lat' dir='ltr'>si</span> 
     </span>
     <span class='ocr_line' id='line_1_13' title="bbox 166 1019 1684 1071; baseline 0.001 -14"><span class='ocrx_word' id='word_1_106' title='bbox 166 1033 242 1058; x_wconf 85' lang='lat' dir='ltr'>vox</span> <span class='ocrx_word' id='word_1_107' title='bbox 274 1019 461 1071; x_wconf 80' lang='lat' dir='ltr'>quaedam</span> <span class='ocrx_word' id='word_1_108' title='bbox 495 1021 615 1070; x_wconf 76' lang='lat' dir='ltr'>posita</span> <span class='ocrx_word' id='word_1_109' title='bbox 649 1022 707 1063; x_wconf 73' lang='lat' dir='ltr'>sit,</span> <span class='ocrx_word' id='word_1_110' title='bbox 750 1021 847 1056; x_wconf 68' lang='lat' dir='ltr'>inter</span> <span class='ocrx_word' id='word_1_111' title='bbox 878 1019 972 1056; x_wconf 68' lang='lat' dir='ltr'>alias</span> <span class='ocrx_word' id='word_1_112' title='bbox 1019 1020 1207 1065; x_wconf 75' lang='lat' dir='ltr'>efferatur,</span> <span class='ocrx_word' id='word_1_113' title='bbox 1253 1020 1354 1057; x_wconf 73' lang='lat' dir='ltr'>volnt</span> <span class='ocrx_word' id='word_1_114' title='bbox 1396 1021 1507 1058; x_wconf 69' lang='lat' dir='ltr'>tinen)</span> <span class='ocrx_word' id='word_1_115' title='bbox 1550 1033 1684 1058; x_wconf 84' lang='lat' dir='ltr'>versus</span> 
     </span>
     <span class='ocr_line' id='line_1_14' title="bbox 170 1095 444 1128; baseline -0.007 0"><span class='ocrx_word' id='word_1_116' title='bbox 170 1095 208 1128; x_wconf 87' lang='lat' dir='ltr'>et</span> <span class='ocrx_word' id='word_1_117' title='bbox 239 1102 444 1128; x_wconf 82' lang='lat' dir='ltr'>caesuram.</span> 
     </span>
    </p>

    <p class='ocr_par' dir='ltr' id='par_1_4' title="bbox 162 1157 1684 1628">
     <span class='ocr_line' id='line_1_15' title="bbox 286 1157 1684 1212; baseline 0.001 -14"><span class='ocrx_word' id='word_1_118' title='bbox 286 1161 415 1212; x_wconf 87' lang='lat' dir='ltr'>Atque</span> <span class='ocrx_word' id='word_1_119' title='bbox 446 1162 667 1210; x_wconf 76' lang='lat' dir='ltr'>saepissime</span> <span class='ocrx_word' id='word_1_120' title='bbox 701 1160 856 1197; x_wconf 80' lang='lat' dir='ltr'>verbnm</span> <span class='ocrx_word' id='word_1_121' title='bbox 890 1157 968 1199; x_wconf 74' lang='grc' dir='ltr'>ἀπὸ</span> <span class='ocrx_word' id='word_1_122' title='bbox 1001 1164 1133 1199; x_wconf 72' lang='grc' dir='ltr'>κοινοῦ</span> <span class='ocrx_word' id='word_1_123' title='bbox 1167 1162 1331 1211; x_wconf 85' lang='lat' dir='ltr'>positum</span> <span class='ocrx_word' id='word_1_124' title='bbox 1365 1168 1449 1212; x_wconf 76' lang='lat' dir='ltr'>post</span> <span class='ocrx_word' id='word_1_125' title='bbox 1490 1175 1684 1200; x_wconf 79' lang='lat' dir='ltr'>caesuram</span> 
     </span>
     <span class='ocr_line' id='line_1_16' title="bbox 169 1230 1683 1283; baseline 0.001 -15"><span class='ocrx_word' id='word_1_126' title='bbox 169 1232 389 1283; x_wconf 85' lang='lat' dir='ltr'>primariam</span> <span class='ocrx_word' id='word_1_127' title='bbox 423 1230 547 1267; x_wconf 79' lang='lat' dir='ltr'>locuni</span> <span class='ocrx_word' id='word_1_128' title='bbox 580 1236 701 1269; x_wconf 83' lang='lat' dir='ltr'>tenet:</span> <span class='ocrx_word' id='word_1_129' title='bbox 745 1243 820 1280; x_wconf 88' lang='lat' dir='ltr'>quo</span> <span class='ocrx_word' id='word_1_130' title='bbox 861 1230 902 1266; x_wconf 78' lang='lat' dir='ltr'>fit</span> <span class='ocrx_word' id='word_1_131' title='bbox 941 1236 981 1267; x_wconf 85' lang='lat' dir='ltr'>nt.</span> <span class='ocrx_word' id='word_1_132' title='bbox 1014 1237 1095 1280; x_wconf 80' lang='lat' dir='ltr'>post</span> <span class='ocrx_word' id='word_1_133' title='bbox 1131 1231 1269 1281; x_wconf 82' lang='lat' dir='ltr'>prioris</span> <span class='ocrx_word' id='word_1_134' title='bbox 1314 1233 1525 1269; x_wconf 73' lang='lat' dir='ltr'>sententiae</span> <span class='ocrx_word' id='word_1_135' title='bbox 1569 1232 1683 1269; x_wconf 82' lang='lat' dir='ltr'>verba</span> 
     </span>
     <span class='ocr_line' id='line_1_17' title="bbox 165 1298 1684 1351; baseline 0.001 -13"><span class='ocrx_word' id='word_1_136' title='bbox 165 1306 204 1339; x_wconf 85' lang='lat' dir='ltr'>et</span> <span class='ocrx_word' id='word_1_137' title='bbox 234 1313 353 1351; x_wconf 86' lang='lat' dir='ltr'>pausa</span> <span class='ocrx_word' id='word_1_138' title='bbox 383 1300 484 1337; x_wconf 79' lang='lat' dir='ltr'>facta</span> <span class='ocrx_word' id='word_1_139' title='bbox 514 1299 672 1337; x_wconf 87' lang='lat' dir='ltr'>verbum</span> <span class='ocrx_word' id='word_1_140' title='bbox 705 1298 962 1336; x_wconf 77' lang='lat' dir='ltr'>desideratum</span> <span class='ocrx_word' id='word_1_141' title='bbox 994 1301 1032 1336; x_wconf 89' lang='lat' dir='ltr'>in</span> <span class='ocrx_word' id='word_1_142' title='bbox 1066 1300 1185 1337; x_wconf 82' lang='lat' dir='ltr'>altera</span> <span class='ocrx_word' id='word_1_143' title='bbox 1217 1308 1325 1350; x_wconf 84' lang='lat' dir='ltr'>parte</span> <span class='ocrx_word' id='word_1_144' title='bbox 1357 1307 1573 1338; x_wconf 78' lang='lat' dir='ltr'>secuturum</span> <span class='ocrx_word' id='word_1_145' title='bbox 1604 1314 1684 1339; x_wconf 87' lang='lat' dir='ltr'>esse</span> 
     </span>
     <span class='ocr_line' id='line_1_18' title="bbox 164 1368 1682 1420; baseline 0.001 -13"><span class='ocrx_word' id='word_1_146' title='bbox 164 1369 316 1407; x_wconf 85' lang='lat' dir='ltr'>facilius</span> <span class='ocrx_word' id='word_1_147' title='bbox 349 1375 614 1420; x_wconf 77' lang='lat' dir='ltr'>exspectemus</span> <span class='ocrx_word' id='word_1_148' title='bbox 646 1375 681 1406; x_wconf 86' lang='lat' dir='ltr'>et</span> <span class='ocrx_word' id='word_1_149' title='bbox 714 1370 838 1420; x_wconf 85' lang='lat' dir='ltr'>ipsum</span> <span class='ocrx_word' id='word_1_150' title='bbox 872 1369 1030 1406; x_wconf 86' lang='lat' dir='ltr'>verbnm</span> <span class='ocrx_word' id='word_1_151' title='bbox 1063 1368 1212 1407; x_wconf 89' lang='lat' dir='ltr'>duobus</span> <span class='ocrx_word' id='word_1_152' title='bbox 1242 1369 1320 1406; x_wconf 88' lang='lat' dir='ltr'>illis</span> <span class='ocrx_word' id='word_1_153' title='bbox 1362 1370 1542 1408; x_wconf 83' lang='lat' dir='ltr'>membris</span> <span class='ocrx_word' id='word_1_154' title='bbox 1585 1385 1682 1409; x_wconf 90' lang='lat' dir='ltr'>com-</span> 
     </span>
     <span class='ocr_line' id='line_1_19' title="bbox 163 1439 1681 1493; baseline 0.001 -15"><span class='ocrx_word' id='word_1_155' title='bbox 163 1452 276 1478; x_wconf 88' lang='lat' dir='ltr'>mune</span> <span class='ocrx_word' id='word_1_156' title='bbox 319 1441 506 1491; x_wconf 71' lang='lat' dir='ltr'>positione</span> <span class='ocrx_word' id='word_1_157' title='bbox 550 1453 619 1477; x_wconf 78' lang='lat' dir='ltr'>sua</span> <span class='ocrx_word' id='word_1_158' title='bbox 663 1439 838 1477; x_wconf 79' lang='lat' dir='ltr'>excellat.</span> <span class='ocrx_word' id='word_1_159' title='bbox 901 1439 1002 1491; x_wconf 87' lang='lat' dir='ltr'>quod</span> <span class='ocrx_word' id='word_1_160' title='bbox 1052 1453 1099 1477; x_wconf 83' lang='lat' dir='ltr'>ex</span> <span class='ocrx_word' id='word_1_161' title='bbox 1132 1453 1260 1477; x_wconf 84' lang='lat' dir='ltr'>eorum</span> <span class='ocrx_word' id='word_1_162' title='bbox 1303 1440 1350 1477; x_wconf 86' lang='lat' dir='ltr'>dc</span> <span class='ocrx_word' id='word_1_163' title='bbox 1390 1441 1530 1491; x_wconf 84' lang='lat' dir='ltr'>quibus</span> <span class='ocrx_word' id='word_1_164' title='bbox 1568 1455 1681 1493; x_wconf 82' lang='lat' dir='ltr'>supra</span> 
     </span>
     <span class='ocr_line' id='line_1_20' title="bbox 165 1509 1683 1562; baseline 0.001 -15"><span class='ocrx_word' id='word_1_165' title='bbox 165 1511 299 1561; x_wconf 82' lang='lat' dir='ltr'>scripsi</span> <span class='ocrx_word' id='word_1_166' title='bbox 332 1509 516 1560; x_wconf 86' lang='lat' dir='ltr'>exemplis</span> <span class='ocrx_word' id='word_1_167' title='bbox 548 1509 606 1546; x_wconf 83' lang='lat' dir='ltr'>his</span> <span class='ocrx_word' id='word_1_168' title='bbox 640 1521 859 1559; x_wconf 80' lang='lat' dir='ltr'>cognoscas,</span> <span class='ocrx_word' id='word_1_169' title='bbox 901 1523 996 1560; x_wconf 80' lang='lat' dir='ltr'>quae</span> <span class='ocrx_word' id='word_1_170' title='bbox 1029 1522 1075 1546; x_wconf 82' lang='lat' dir='ltr'>ex</span> <span class='ocrx_word' id='word_1_171' title='bbox 1109 1510 1194 1546; x_wconf 82' lang='lat' dir='ltr'>aliis</span> <span class='ocrx_word' id='word_1_172' title='bbox 1225 1523 1323 1560; x_wconf 85' lang='lat' dir='ltr'>qnae</span> <span class='ocrx_word' id='word_1_173' title='bbox 1355 1513 1566 1562; x_wconf 77' lang='lat' dir='ltr'>comparari</span> <span class='ocrx_word' id='word_1_174' title='bbox 1597 1525 1683 1562; x_wconf 85' lang='lat' dir='ltr'>pos-</span> 
     </span>
     <span class='ocr_line' id='line_1_21' title="bbox 162 1578 434 1628; baseline 0 -13"><span class='ocrx_word' id='word_1_175' title='bbox 162 1580 239 1616; x_wconf 86' lang='lat' dir='ltr'>sint</span> <span class='ocrx_word' id='word_1_176' title='bbox 270 1578 434 1628; x_wconf 85' lang='lat' dir='ltr'>eligam:</span> 
     </span>
    </p>

    <p class='ocr_par' dir='ltr' id='par_1_5' title="bbox 279 1647 1465 1701">
     <span class='ocr_line' id='line_1_22' title="bbox 279 1647 1465 1701; baseline 0.002 -16"><span class='ocrx_word' id='word_1_177' title='bbox 279 1648 330 1696; x_wconf 88' lang='lat' dir='ltr'>II,</span> <span class='ocrx_word' id='word_1_178' title='bbox 362 1649 442 1684; x_wconf 78' lang='lat'>422</span> <span class='ocrx_word' id='word_1_179' title='bbox 715 1650 826 1699; x_wconf 87' lang='lat' dir='ltr'>primi</span> <span class='ocrx_word' id='word_1_180' title='bbox 859 1648 1003 1700; x_wconf 86' lang='lat' dir='ltr'>clipeos</span> <span class='ocrx_word' id='word_1_181' title='bbox 1032 1647 1036 1701; x_wconf 88' lang='grc' dir='ltr'>Ι</span> <span class='ocrx_word' id='word_1_182' title='bbox 1064 1650 1357 1701; x_wconf 83' lang='lat' dir='ltr'>mentitaque</span> <span class='ocrx_word' id='word_1_183' title='bbox 1390 1650 1465 1688; x_wconf 79' lang='lat' dir='ltr'>tela</span> 
     </span>
    </p>

    <p class='ocr_par' dir='ltr' id='par_1_6' title="bbox 480 1723 703 1766">
     <span class='ocr_line' id='line_1_23' title="bbox 480 1723 703 1766; baseline 0.009 -13"><span class='ocrx_word' id='word_1_184' title='bbox 480 1723 703 1766; x_wconf 80' lang='lat' dir='ltr'>agnoscunt.</span> 
     </span>
    </p>

    <p class='ocr_par' dir='ltr' id='par_1_7' title="bbox 260 1786 1494 1840">
     <span class='ocr_line' id='line_1_24' title="bbox 260 1786 1494 1840; baseline 0.002 -16"><span class='ocrx_word' id='word_1_185' title='bbox 260 1786 329 1830; x_wconf 81' lang='grc' dir='ltr'>ΧΙ,</span> <span class='ocrx_word' id='word_1_186' title='bbox 364 1788 444 1824; x_wconf 82' lang='lat'>398</span> <span class='ocrx_word' id='word_1_187' title='bbox 478 1786 645 1824; x_wconf 78' lang='lat' dir='ltr'>inclusus</span> <span class='ocrx_word' id='word_1_188' title='bbox 675 1788 794 1824; x_wconf 77' lang='lat' dir='ltr'>nnn-is</span> <span class='ocrx_word' id='word_1_189' title='bbox 822 1787 826 1840; x_wconf 54' lang='lat' dir='ltr'>l</span> <span class='ocrx_word' id='word_1_190' title='bbox 855 1787 1128 1838; x_wconf 79' lang='lat' dir='ltr'>hostilique</span> <span class='ocrx_word' id='word_1_191' title='bbox 1159 1801 1299 1838; x_wconf 78' lang='lat' dir='ltr'>aggere</span> <span class='ocrx_word' id='word_1_192' title='bbox 1331 1795 1494 1839; x_wconf 81' lang='lat' dir='ltr'>saeptus.</span> 
     </span>
    </p>

    <p class='ocr_par' dir='ltr' id='par_1_8' title="bbox 258 1855 1559 1909">
     <span class='ocr_line' id='line_1_25' title="bbox 258 1855 1559 1909; baseline 0.002 -16"><span class='ocrx_word' id='word_1_193' title='bbox 258 1855 327 1903; x_wconf 86' lang='lat' dir='ltr'>IV,</span> <span class='ocrx_word' id='word_1_194' title='bbox 360 1857 436 1893; x_wconf 85' lang='lat'>391</span> <span class='ocrx_word' id='word_1_195' title='bbox 560 1858 775 1907; x_wconf 69' lang='lat' dir='ltr'>suscipiunt</span> <span class='ocrx_word' id='word_1_196' title='bbox 806 1856 970 1894; x_wconf 66' lang='lat' dir='ltr'>tinnulae</span> <span class='ocrx_word' id='word_1_197' title='bbox 999 1855 1002 1909; x_wconf 78' lang='grc' dir='ltr'>Ι</span> <span class='ocrx_word' id='word_1_198' title='bbox 1031 1857 1357 1909; x_wconf 81' lang='lat' dir='ltr'>conlapsaque</span> <span class='ocrx_word' id='word_1_199' title='bbox 1390 1858 1559 1896; x_wconf 85' lang='lat' dir='ltr'>membra</span> 
     </span>
    </p>

    <p class='ocr_par' dir='ltr' id='par_1_9' title="bbox 474 1927 1551 1979">
     <span class='ocr_line' id='line_1_26' title="bbox 474 1927 1551 1979; baseline 0.004 -17"><span class='ocrx_word' id='word_1_200' title='bbox 474 1939 686 1964; x_wconf 84' lang='lat' dir='ltr'>marmoreo</span> <span class='ocrx_word' id='word_1_201' title='bbox 720 1927 887 1965; x_wconf 81' lang='lat' dir='ltr'>referunt</span> <span class='ocrx_word' id='word_1_202' title='bbox 919 1927 1086 1965; x_wconf 80' lang='lat' dir='ltr'>thalamo</span> <span class='ocrx_word' id='word_1_203' title='bbox 1118 1930 1323 1978; x_wconf 83' lang='lat' dir='ltr'>stratisque</span> <span class='ocrx_word' id='word_1_204' title='bbox 1355 1935 1551 1979; x_wconf 86' lang='lat' dir='ltr'>reponunt.</span> 
     </span>
    </p>
   </div>
   <div class='ocr_carea' id='block_1_3' title="bbox 156 2005 1678 2543">
    <p class='ocr_par' dir='ltr' id='par_1_10' title="bbox 156 2005 1678 2543">
     <span class='ocr_line' id='line_1_27' title="bbox 160 2005 1676 2061; baseline 0.003 -17"><span class='ocrx_word' id='word_1_205' title='bbox 160 2006 337 2057; x_wconf 82' lang='lat' dir='ltr'>exempla</span> <span class='ocrx_word' id='word_1_206' title='bbox 367 2005 562 2056; x_wconf 80' lang='lat' dir='ltr'>adscripta</span> <span class='ocrx_word' id='word_1_207' title='bbox 594 2020 669 2044; x_wconf 85' lang='lat' dir='ltr'>rem</span> <span class='ocrx_word' id='word_1_208' title='bbox 701 2009 795 2044; x_wconf 82' lang='lat' dir='ltr'>satis</span> <span class='ocrx_word' id='word_1_209' title='bbox 834 2007 1104 2045; x_wconf 88' lang='lat' dir='ltr'>demonstrant.</span> <span class='ocrx_word' id='word_1_210' title='bbox 1167 2009 1313 2046; x_wconf 88' lang='lat' dir='ltr'>scilicet</span> <span class='ocrx_word' id='word_1_211' title='bbox 1353 2016 1393 2047; x_wconf 86' lang='lat' dir='ltr'>ut</span> <span class='ocrx_word' id='word_1_212' title='bbox 1434 2010 1547 2047; x_wconf 79' lang='lat' dir='ltr'>simul</span> <span class='ocrx_word' id='word_1_213' title='bbox 1590 2017 1676 2061; x_wconf 88' lang='lat' dir='ltr'>post</span> 
     </span>
     <span class='ocr_line' id='line_1_28' title="bbox 156 2075 1671 2131; baseline 0.002 -17"><span class='ocrx_word' id='word_1_214' title='bbox 156 2078 262 2128; x_wconf 84' lang='lat' dir='ltr'>prius</span> <span class='ocrx_word' id='word_1_215' title='bbox 302 2075 512 2113; x_wconf 87' lang='lat' dir='ltr'>membrum</span> <span class='ocrx_word' id='word_1_216' title='bbox 544 2089 663 2126; x_wconf 79' lang='lat' dir='ltr'>pansa</span> <span class='ocrx_word' id='word_1_217' title='bbox 694 2076 894 2123; x_wconf 87' lang='lat' dir='ltr'>indicetur,</span> <span class='ocrx_word' id='word_1_218' title='bbox 927 2077 1040 2114; x_wconf 82' lang='lat' dir='ltr'>simul</span> <span class='ocrx_word' id='word_1_219' title='bbox 1074 2077 1229 2116; x_wconf 86' lang='lat' dir='ltr'>verbum</span> <span class='ocrx_word' id='word_1_220' title='bbox 1261 2076 1296 2117; x_wconf 77' lang='grc' dir='ltr'>ἀ</span> <span class='ocrx_word' id='word_1_221' title='bbox 1330 2092 1365 2118; x_wconf 74' lang='grc' dir='ltr'>κ.</span> <span class='ocrx_word' id='word_1_222' title='bbox 1400 2081 1564 2131; x_wconf 89' lang='lat' dir='ltr'>positum</span> <span class='ocrx_word' id='word_1_223' title='bbox 1597 2086 1671 2117; x_wconf 82' lang='lat' dir='ltr'>sta-</span> 
     </span>
     <span class='ocr_line' id='line_1_29' title="bbox 161 2146 1675 2197; baseline 0.003 -15"><span class='ocrx_word' id='word_1_224' title='bbox 161 2147 229 2183; x_wconf 80' lang='lat' dir='ltr'>tim</span> <span class='ocrx_word' id='word_1_225' title='bbox 261 2151 347 2197; x_wconf 87' lang='lat' dir='ltr'>post</span> <span class='ocrx_word' id='word_1_226' title='bbox 378 2158 572 2183; x_wconf 82' lang='lat' dir='ltr'>caesuram</span> <span class='ocrx_word' id='word_1_227' title='bbox 604 2148 642 2182; x_wconf 89' lang='lat' dir='ltr'>in</span> <span class='ocrx_word' id='word_1_228' title='bbox 674 2147 784 2183; x_wconf 83' lang='lat' dir='ltr'>initio</span> <span class='ocrx_word' id='word_1_229' title='bbox 817 2146 972 2184; x_wconf 80' lang='lat' dir='ltr'>alterius</span> <span class='ocrx_word' id='word_1_230' title='bbox 1004 2147 1163 2185; x_wconf 84' lang='lat' dir='ltr'>membri</span> <span class='ocrx_word' id='word_1_231' title='bbox 1194 2151 1423 2194; x_wconf 79' lang='lat' dir='ltr'>inveniatur,</span> <span class='ocrx_word' id='word_1_232' title='bbox 1456 2163 1499 2187; x_wconf 90' lang='lat' dir='ltr'>eo</span> <span class='ocrx_word' id='word_1_233' title='bbox 1527 2155 1675 2187; x_wconf 83' lang='lat' dir='ltr'>tantum</span> 
     </span>
     <span class='ocr_line' id='line_1_30' title="bbox 157 2214 1672 2269; baseline 0.002 -15"><span class='ocrx_word' id='word_1_234' title='bbox 157 2215 271 2255; x_wconf 88' lang='lat' dir='ltr'>modo</span> <span class='ocrx_word' id='word_1_235' title='bbox 303 2215 385 2253; x_wconf 86' lang='lat' dir='ltr'>fieri</span> <span class='ocrx_word' id='word_1_236' title='bbox 415 2220 552 2266; x_wconf 81' lang='lat' dir='ltr'>potest,</span> <span class='ocrx_word' id='word_1_237' title='bbox 585 2223 626 2252; x_wconf 86' lang='lat' dir='ltr'>ut</span> <span class='ocrx_word' id='word_1_238' title='bbox 659 2214 756 2253; x_wconf 84' lang='lat' dir='ltr'>dnae</span> <span class='ocrx_word' id='word_1_239' title='bbox 790 2216 878 2254; x_wconf 81' lang='lat' dir='ltr'>illae</span> <span class='ocrx_word' id='word_1_240' title='bbox 910 2223 1038 2267; x_wconf 81' lang='lat' dir='ltr'>partes</span> <span class='ocrx_word' id='word_1_241' title='bbox 1068 2218 1259 2268; x_wconf 79' lang='lat' dir='ltr'>particula</span> <span class='ocrx_word' id='word_1_242' title='bbox 1291 2233 1358 2266; x_wconf 71' lang='lat' dir='ltr'>que</span> <span class='ocrx_word' id='word_1_243' title='bbox 1383 2221 1672 2269; x_wconf 76' lang='lat' dir='ltr'>coniungantur.</span> 
     </span>
     <span class='ocr_line' id='line_1_31' title="bbox 158 2285 1675 2340; baseline 0.002 -17"><span class='ocrx_word' id='word_1_244' title='bbox 158 2299 247 2323; x_wconf 84' lang='lat' dir='ltr'>nam</span> <span class='ocrx_word' id='word_1_245' title='bbox 291 2292 323 2323; x_wconf 83' lang='lat' dir='ltr'>et</span> <span class='ocrx_word' id='word_1_246' title='bbox 362 2286 588 2336; x_wconf 87' lang='lat' dir='ltr'>interposita</span> <span class='ocrx_word' id='word_1_247' title='bbox 619 2285 842 2323; x_wconf 82' lang='lat' dir='ltr'>alterutrum</span> <span class='ocrx_word' id='word_1_248' title='bbox 875 2285 1048 2333; x_wconf 84' lang='lat' dir='ltr'>efficitur,</span> <span class='ocrx_word' id='word_1_249' title='bbox 1080 2287 1227 2325; x_wconf 87' lang='lat' dir='ltr'>scilicet</span> <span class='ocrx_word' id='word_1_250' title='bbox 1258 2294 1323 2325; x_wconf 82' lang='lat' dir='ltr'>aut</span> <span class='ocrx_word' id='word_1_251' title='bbox 1355 2295 1386 2326; x_wconf 76' lang='lat' dir='ltr'>et</span> <span class='ocrx_word' id='word_1_252' title='bbox 1416 2289 1605 2340; x_wconf 82' lang='lat' dir='ltr'>particula</span> <span class='ocrx_word' id='word_1_253' title='bbox 1636 2291 1675 2326; x_wconf 87' lang='lat' dir='ltr'>in</span> 
     </span>
     <span class='ocr_line' id='line_1_32' title="bbox 159 2354 1678 2408; baseline 0.003 -17"><span class='ocrx_word' id='word_1_254' title='bbox 159 2367 314 2392; x_wconf 83' lang='lat' dir='ltr'>caesura</span> <span class='ocrx_word' id='word_1_255' title='bbox 358 2356 485 2406; x_wconf 83' lang='lat' dir='ltr'>posita</span> <span class='ocrx_word' id='word_1_256' title='bbox 525 2354 682 2392; x_wconf 84' lang='lat' dir='ltr'>verbum</span> <span class='ocrx_word' id='word_1_257' title='bbox 733 2369 953 2407; x_wconf 73' lang='lat' dir='ltr'>commune,</span> <span class='ocrx_word' id='word_1_258' title='bbox 1000 2356 1097 2407; x_wconf 82' lang='lat' dir='ltr'>quod</span> <span class='ocrx_word' id='word_1_259' title='bbox 1138 2359 1336 2408; x_wconf 85' lang='lat' dir='ltr'>sequitur,</span> <span class='ocrx_word' id='word_1_260' title='bbox 1380 2361 1568 2396; x_wconf 74' lang='lat' dir='ltr'>exseritur</span> <span class='ocrx_word' id='word_1_261' title='bbox 1612 2366 1678 2396; x_wconf 81' lang='lat' dir='ltr'>aut</span> 
     </span>
     <span class='ocr_line' id='line_1_33' title="bbox 156 2426 1671 2478; baseline 0.004 -18"><span class='ocrx_word' id='word_1_262' title='bbox 156 2429 242 2476; x_wconf 87' lang='lat' dir='ltr'>post</span> <span class='ocrx_word' id='word_1_263' title='bbox 272 2436 467 2461; x_wconf 75' lang='lat' dir='ltr'>caesuram</span> <span class='ocrx_word' id='word_1_264' title='bbox 499 2426 622 2475; x_wconf 86' lang='lat' dir='ltr'>posita</span> <span class='ocrx_word' id='word_1_265' title='bbox 653 2438 774 2476; x_wconf 79' lang='lat' dir='ltr'>pausa</span> <span class='ocrx_word' id='word_1_266' title='bbox 805 2426 847 2462; x_wconf 84' lang='lat' dir='ltr'>fit</span> <span class='ocrx_word' id='word_1_267' title='bbox 878 2427 917 2462; x_wconf 91' lang='lat' dir='ltr'>in</span> <span class='ocrx_word' id='word_1_268' title='bbox 948 2426 1022 2463; x_wconf 84' lang='lat' dir='ltr'>fine</span> <span class='ocrx_word' id='word_1_269' title='bbox 1051 2428 1190 2477; x_wconf 81' lang='lat' dir='ltr'>prioris</span> <span class='ocrx_word' id='word_1_270' title='bbox 1212 2429 1342 2478; x_wconf 84' lang='lat' dir='ltr'>partis.</span> <span class='ocrx_word' id='word_1_271' title='bbox 1404 2427 1476 2465; x_wconf 88' lang='lat' dir='ltr'>boc</span> <span class='ocrx_word' id='word_1_272' title='bbox 1497 2428 1671 2466; x_wconf 83' lang='lat' dir='ltr'>effectum</span> 
     </span>
     <span class='ocr_line' id='line_1_34' title="bbox 165 2494 664 2543; baseline 0 -11"><span class='ocrx_word' id='word_1_273' title='bbox 165 2499 233 2541; x_wconf 81' lang='lat' dir='ltr'>est,</span> <span class='ocrx_word' id='word_1_274' title='bbox 264 2498 307 2530; x_wconf 86' lang='lat' dir='ltr'>ut</span> <span class='ocrx_word' id='word_1_275' title='bbox 336 2506 458 2543; x_wconf 85' lang='lat' dir='ltr'>pauca</span> <span class='ocrx_word' id='word_1_276' title='bbox 490 2494 664 2532; x_wconf 83' lang='lat' dir='ltr'>afferam:</span> 
     </span>
    </p>
   </div>
   <div class='ocr_carea' id='block_1_4' title="bbox 152 2652 1669 2931">
    <p class='ocr_par' dir='ltr' id='par_1_11' title="bbox 152 2652 1669 2931">
     <span class='ocr_line' id='line_1_35' title="bbox 153 2652 1668 2700; baseline 0.002 -12"><span class='ocrx_word' id='word_1_277' title='bbox 153 2653 324 2699; x_wconf 44' lang='lat' dir='ltr'>iyfnavum</span> <span class='ocrx_word' id='word_1_278' title='bbox 358 2652 462 2695; x_wconf 71' lang='lat' dir='ltr'>fucos</span> <span class='ocrx_word' id='word_1_279' title='bbox 495 2664 604 2698; x_wconf 70' lang='lat' dir='ltr'>pecus</span> <span class='ocrx_word' id='word_1_280' title='bbox 641 2654 702 2699; x_wconf 68' lang='lat' dir='ltr'>(z</span> <span class='ocrx_word' id='word_1_281' title='bbox 741 2666 771 2698; x_wconf 86' lang='lat' dir='ltr'>g.</span> <span class='ocrx_word' id='word_1_282' title='bbox 801 2654 859 2698; x_wconf 73' lang='lat' dir='ltr'>lv,</span> <span class='ocrx_word' id='word_1_283' title='bbox 892 2657 983 2699; x_wconf 84' lang='grc'>168),</span> <span class='ocrx_word' id='word_1_284' title='bbox 1028 2660 1110 2691; x_wconf 72' lang='lat' dir='ltr'>Aen.</span> <span class='ocrx_word' id='word_1_285' title='bbox 1139 2655 1219 2699; x_wconf 83' lang='lat' dir='ltr'>VII,</span> <span class='ocrx_word' id='word_1_286' title='bbox 1259 2667 1414 2700; x_wconf 77' lang='lat' dir='ltr'>quosque</span> <span class='ocrx_word' id='word_1_287' title='bbox 1453 2666 1578 2691; x_wconf 74' lang='lat' dir='ltr'>secans</span> <span class='ocrx_word' id='word_1_288' title='bbox 1614 2657 1668 2691; x_wconf 79' lang='lat' dir='ltr'>in-</span> 
     </span>
     <span class='ocr_line' id='line_1_36' title="bbox 152 2712 1669 2760; baseline 0.001 -12"><span class='ocrx_word' id='word_1_289' title='bbox 152 2712 317 2756; x_wconf 78' lang='lat' dir='ltr'>faustum</span> <span class='ocrx_word' id='word_1_290' title='bbox 355 2713 518 2747; x_wconf 72' lang='lat' dir='ltr'>interluit</span> <span class='ocrx_word' id='word_1_291' title='bbox 552 2714 653 2748; x_wconf 77' lang='lat' dir='ltr'>Allia</span> <span class='ocrx_word' id='word_1_292' title='bbox 693 2724 829 2748; x_wconf 76' lang='lat' dir='ltr'>nomen,</span> <span class='ocrx_word' id='word_1_293' title='bbox 883 2714 944 2749; x_wconf 83' lang='lat' dir='ltr'>sed</span> <span class='ocrx_word' id='word_1_294' title='bbox 987 2715 1099 2749; x_wconf 82' lang='lat' dir='ltr'>multa</span> <span class='ocrx_word' id='word_1_295' title='bbox 1138 2716 1213 2749; x_wconf 76' lang='lat' dir='ltr'>eius</span> <span class='ocrx_word' id='word_1_296' title='bbox 1246 2715 1388 2758; x_wconf 79' lang='lat' dir='ltr'>generis</span> <span class='ocrx_word' id='word_1_297' title='bbox 1426 2715 1522 2760; x_wconf 82' lang='lat' dir='ltr'>apud</span> <span class='ocrx_word' id='word_1_298' title='bbox 1549 2727 1669 2750; x_wconf 86' lang='lat' dir='ltr'>omnes</span> 
     </span>
     <span class='ocr_line' id='line_1_37' title="bbox 156 2772 540 2817; baseline -0.005 -10"><span class='ocrx_word' id='word_1_299' title='bbox 156 2773 276 2817; x_wconf 82' lang='lat' dir='ltr'>epicos</span> <span class='ocrx_word' id='word_1_300' title='bbox 302 2772 540 2806; x_wconf 87' lang='lat' dir='ltr'>inveniuntur.</span> 
     </span>
     <span class='ocr_line' id='line_1_38' title="bbox 255 2830 503 2876; baseline 0 -11"><span class='ocrx_word' id='word_1_301' title='bbox 255 2834 286 2876; x_wconf 89' lang='lat'>1)</span> <span class='ocrx_word' id='word_1_302' title='bbox 314 2830 358 2866; x_wconf 72' lang='lat' dir='ltr'>cf.</span> <span class='ocrx_word' id='word_1_303' title='bbox 387 2843 418 2875; x_wconf 78' lang='lat' dir='ltr'>p.</span> <span class='ocrx_word' id='word_1_304' title='bbox 450 2833 503 2865; x_wconf 64' lang='lat'>232.</span> 
     </span>
     <span class='ocr_line' id='line_1_39' title="bbox 1343 2894 1393 2931; baseline 0 -17"><span class='ocrx_word' id='word_1_305' title='bbox 1343 2894 1393 2931; x_wconf 56' lang='grc'>4*-</span> 
     </span>
    </p>
   </div>
  </div>
 </body>
</html>
