1923 3110
985 147 1034 184 52

256 261 350 299 Aen.
387 260 496 309 VIII,
530 264 580 298 57
644 263 725 313 ipse
756 276 826 312 ego
859 268 895 300 te
926 264 1019 313 ripis
1047 261 1052 314 Ι
1080 272 1116 299 et
1148 269 1283 300 recto
1317 263 1470 300 flumina
1501 262 1647 300 ducam.

423 331 495 375 XI,
529 334 610 368 419
644 333 702 368 sin
724 338 761 369 et
783 345 874 383 opes
895 333 1006 370 nobis
1034 330 1037 385 Ι
1066 341 1101 370 et
1125 331 1219 369 adh
1230 346 1285 369 uc
1315 334 1501 369 intacta
1523 333 1713 378 iuventus,

425 400 498 444 XI,
531 403 609 438 481
645 400 854 439 succedunt
885 409 1025 439 matres
1053 399 1058 455 Ι
1087 409 1121 438 et
1155 401 1381 452 templum
1412 409 1494 438 ture
1516 406 1714 452 vaporant.

255 478 286 507 et
316 470 506 521 particula
536 473 576 508 in
608 484 767 509 caesura
798 473 923 522 posita.
952 478 1029 509 est:

370 539 484 587 VIII,
510 541 590 578 588
622 542 662 577 in
685 540 810 578 medio
834 540 1036 591 chlamyde
1059 546 1096 577 et
1124 537 1127 591 Ι
1156 541 1312 591 pictis
1343 546 1566 592 conspectus
1585 541 1626 576 in
1647 539 1772 575 armis.

368 609 479 657 VIII,
512 611 593 647 474
626 610 713 647 hinc
736 611 899 648 Rutulus
921 611 1060 660 premit
1081 615 1119 647 et
1167 623 1346 647 murum
1368 611 1623 647 circumsonat
1645 608 1771 645 armis.

254 692 323 718 nec
354 693 430 717 non
461 678 676 719 adscribam
709 679 886 731 exempla
918 680 1069 729 singula
1100 693 1146 718 ex
1180 682 1313 718 ceteris
1352 682 1496 731 poetis,
1537 692 1636 731 quae
1675 678 1773 716 forte

257 750 377 787 oculis
408 756 628 788 occurrent:

251 819 402 858 Lucret.
436 820 488 867 ΙΙ,
529 823 630 857 10043
665 825 700 857 et
724 821 879 869 capiant
901 832 1033 856 seusus
1061 818 1064 871 Ι
1094 825 1131 857 et
1152 826 1330 870 puncto
1352 826 1575 870 tempore
1598 818 1769 857 reddant

253 887 647 937 Ovid.1net.XY‚392
661 904 736 927 una
758 895 812 927 est
836 902 933 940 quae
955 896 1104 940 reparet
1133 888 1135 942 Ι
1165 903 1294 941 seque
1320 892 1404 941 ipsa
1426 891 1630 928 reseminet
1651 889 1740 927 ales.

313 959 396 998 Val.
419 959 476 996 Fl.
503 960 530 1002 1,
557 961 634 997 (334
668 961 936 1008 magnanimus
952 966 1099 1010 spectat
1118 959 1317 1010 pharetras
1345 957 1351 1014 Ι
1378 966 1415 998 et
1440 959 1635 997 inutile
1656 958 1773 997 robur

673 1028 1055 1079 Amphitryoniades.

254 1099 347 1137 haec
389 1101 482 1136 satis
527 1104 614 1136 sunt
660 1098 709 1135 ad
750 1097 1088 1136 demonstrandum
1126 1098 1206 1136 fieri
1246 1100 1330 1149 ipsa
1372 1103 1508 1135 natura
1547 1111 1679 1136 versus
1709 1097 1774 1136 he-

252 1171 357 1217 roici,
398 1175 440 1206 ut
482 1168 731 1207 recitantibus
772 1168 928 1220 quidem
969 1168 1158 1219 quomodo
1199 1168 1314 1206 verba
1344 1170 1444 1207 inter
1474 1181 1514 1206 se
1545 1168 1773 1206 cohaereant

250 1239 364 1277 facile
404 1239 657 1288 intellegatur.
718 1252 850 1276 versus
893 1244 1018 1276 autem
1062 1252 1145 1276 cum
1187 1245 1240 1276 tot
1284 1240 1547 1276 intercisiones
1588 1239 1771 1289 patiatur,

252 1324 328 1348 non
360 1309 583 1347 mirabimur
613 1311 653 1346 in
685 1322 728 1346 eo
759 1309 900 1345 multos
932 1308 1038 1346 locos
1070 1322 1151 1346 esse
1182 1309 1320 1359 quibus
1353 1311 1381 1346 si
1415 1308 1574 1346 verbum
1604 1309 1771 1360 positum

251 1382 299 1417 sit
342 1380 457 1417 altius
503 1386 620 1417 sonet.
684 1378 785 1430 quod
825 1392 911 1416 cum
955 1379 1141 1430 exemplis
1184 1378 1345 1416 subiecti
1378 1376 1458 1418 ἀπὸ
1490 1381 1619 1418 ’κοινοῦ
1650 1379 1770 1429 positi

253 1452 396 1502 optime
426 1450 651 1497 illustretur,
683 1451 758 1486 iam
792 1449 998 1499 aggrediar
1029 1462 1127 1500 quae
1159 1449 1284 1487 adhuc
1316 1448 1457 1486 distuli.

369 1520 664 1572 Simplicissima
704 1522 802 1557 ratio
841 1526 895 1557 est
938 1533 992 1567 ea,
1037 1526 1078 1557 ut
1109 1520 1321 1557 subiectum
1355 1517 1390 1558 ἆ.
1424 1532 1459 1559 κ.
1492 1520 1660 1570 positum
1691 1531 1770 1556 sen—

252 1593 411 1629 tentiam
444 1591 631 1636 terminet,
665 1590 770 1628 velut
801 1590 900 1627 Aen.
936 1590 1046 1637 VIII,
1081 1592 1185 1627 310:

480 1661 642 1697 miratur
669 1658 673 1711 Ι
701 1659 900 1710 facilisque
931 1658 1063 1696 oculos
1094 1658 1165 1697 fert
1198 1660 1325 1696 onmia
1357 1660 1498 1695 circum

482 1730 635 1767 Aeneas
666 1731 891 1781 capiturque
923 1729 1025 1766 locis.

250 1801 313 1839 ubi
347 1800 557 1838 subiectum
589 1802 627 1836 in
658 1801 770 1836 initio
802 1813 935 1837 versus
966 1801 1133 1850 positum
1175 1804 1252 1844 est,
1299 1811 1371 1848 quo
1412 1798 1594 1834 maiorem
1636 1811 1771 1834 sonum

251 1873 441 1922 accipiat,
487 1876 525 1907 et
568 1869 726 1907 verbum
767 1872 874 1920 prius
919 1870 1111 1919 (πηγαίων)
1156 1881 1313 1905 caesura
1356 1866 1581 1904 secundaria
1627 1868 1680 1904 ita
1722 1866 1771 1904 ab

253 1941 372 1978 altera
417 1946 525 1991 parte
567 1939 782 1985 dirimitur,
834 1947 874 1976 ut
918 1939 1133 1977 subiectum
1174 1937 1326 1975 facilius
1372 1936 1421 1974 ad
1460 1936 1567 1974 illam
1606 1938 1771 1987 priorem

246 2017 394 2063 partem
427 2016 465 2048 et
496 2009 712 2047 retrahatur
743 2015 780 2047 et
812 2015 1065 2060 exspectetur.
1127 2022 1171 2046 eo
1204 2013 1403 2059 praeterea
1433 2006 1580 2057 figurae
1624 2008 1771 2058 species

248 2082 368 2119 lenior
411 2081 472 2128 fit,
517 2079 620 2131 quod
664 2079 876 2117 subiectum
918 2081 958 2116 in
998 2080 1073 2117 fine
1111 2079 1266 2116 alterius
1310 2079 1522 2115 sententiae
1567 2078 1772 2115 invenitur.

249 2164 362 2203 saepe
394 2150 606 2188 subiectum
639 2149 749 2187 alteri
782 2149 934 2187 demum
968 2149 1084 2187 verbo
1118 2148 1292 2186 additum
1324 2153 1411 2198 post
1452 2160 1647 2185 caesuram
1694 2148 1772 2198 pri-

249 2225 408 2259 mariam
440 2223 605 2273 positum
638 2226 719 2258 est:

365 2291 437 2337 XL
473 2293 553 2327 534
587 2289 840 2341 compellabat
873 2296 911 2327 et
941 2289 1010 2326 has
1037 2286 1042 2341 Ι
1071 2289 1249 2326 tristis
1280 2288 1493 2325 Latonia
1525 2299 1638 2324 voces

592 2373 656 2397 ore
689 2359 817 2398 dabat.

363 2431 436 2477 IX,
472 2431 551 2468 (530
585 2429 707 2467 audiit
740 2434 777 2467 et
809 2429 902 2466 caeli
965 2429 1167 2477 genitor
1199 2426 1246 2464 de
1277 2432 1383 2477 parte
1416 2439 1550 2464 serena

581 2501 750 2537 intonuit
780 2499 939 2536 laevom.

250 2585 323 2622 quo
366 2571 448 2608 loco
493 2583 539 2607 ne
580 2582 775 2606 caesuram
820 2568 1185 2618 hephtheininlercm
1218 2572 1452 2611 statuamus,
1502 2578 1656 2616 prorsus
1701 2565 1770 2602 im·

248 2640 353 2691 pedit
406 2639 504 2690 quod
555 2642 642 2676 caeli
687 2639 889 2687 genetivus
939 2650 1014 2674 non
1060 2650 1143 2674 cum
1196 2635 1365 2673 subiecto
1412 2636 1593 2685 coniungi
1645 2633 1769 2680 debet,

248 2723 479 2761 quamquam
524 2715 610 2746 sunt
656 2710 719 2759 qui
765 2709 818 2745 sic
864 2709 1045 2757 coniungi
1087 2707 1229 2753 velint,
1271 2705 1338 2743 sed
1382 2707 1508 2756 potius
1553 2703 1600 2742 de
1631 2703 1770 2751 verbis,

250 2792 344 2831 quae
390 2792 541 2815 versum
591 2779 806 2820 terminant,
850 2776 993 2828 pendet
1039 2776 1119 2813 scil.
1169 2776 1215 2813 de
1265 2774 1392 2812 verbis
1422 2778 1464 2812 de
1493 2781 1602 2821 parte
1630 2787 1769 2811 serena.

248 2848 477 2886 adsimiliter
509 2847 651 2885 dictum
685 2853 740 2884 est
774 2846 875 2897 quod
908 2846 1073 2894 leg-imus
1104 2846 1177 2893 XI,
1211 2846 1307 2882 794:
