1923 3110
874 99 924 133 ‘27

144 212 183 249 in
210 223 366 249 numero
399 223 528 249 eorum
550 216 617 258 est,
648 224 808 262 quorum
831 211 1046 261 exemplum
1067 211 1177 247 attuli
1201 215 1238 247 et
1259 210 1448 247 illustravi
1473 211 1566 248 Aen.
1586 211 1654 251 VI.

145 281 238 327 750,
269 281 346 319 scil.
379 281 517 332 quibus
547 280 640 318 ordo
671 280 769 318 nihil
799 281 960 318 intersit.
1022 292 1144 330 neque
1174 281 1298 329 magis
1329 279 1403 317 huc
1436 281 1599 330 pertinet

235 362 308 410 III⁷
342 364 394 400 60
427 368 530 400 aetas
562 362 748 400 Lucinam
779 363 977 412 iustosque
1008 362 1086 411 pati
1119 360 1350 411 hymenaeos

428 431 570 470 desinit
599 437 688 469 ante
720 431 862 477 deceni,
894 437 979 482 post
1008 435 1187 481 quattuor
1217 431 1352 481 incipit
1383 443 1512 467 annos.

143 513 326 565 hysteron
356 522 537 567 proteron
567 515 664 553 falso
696 514 836 552 dicitur
868 517 905 552 in
938 514 1093 552 scholiis

228 609 357 647 georg.
390 597 420 644 I,
454 598 533 634 267
566 610 667 634 nunc
699 601 838 634 torrete
869 598 949 646 igni
983 595 1122 645 fruges,
1155 608 1254 632 nunc
1286 593 1453 643 frangite
1485 607 1578 631 saxo

141 678 165 715 i.
198 690 229 715 e.
262 680 425 729 primum
456 685 657 725 torrete,
689 677 829 716 deinde
860 677 1026 727 frangite
1049 676 1086 715 ¹5.

258 747 303 784 In
346 748 632 799 liysterologiae
674 761 743 785 usu
777 748 970 796 Vergilius
1021 749 1119 784 inter
1162 758 1292 783 omnes
1333 750 1465 795 poetas
1498 743 1658 780 Latinos

142 805 181 853 et
221 830 376 855 numero
420 823 458 855 et
488 823 568 855 arte
601 817 715 867 longe
747 816 914 855 excellit.
977 830 1072 867 quos
1104 815 1348 853 Lucretii
1380 826 1522 864 paucos
1552 813 1658 849 locos

141 885 329 924 Heinzius
360 889 397 924 in
430 889 701 925 commentario
731 886 779 924 ad
812 887 881 925 lib.
910 887 979 928 ΙΙΙ,
1014 900 1046 922 v.
1082 887 1160 922 757
1196 884 1393 929 indicavit,
1437 885 1466 919 si
1499 881 1655 933 quidem

144 957 234 994 licet
266 955 341 993 huc
372 956 519 1003 referre,
550 962 656 994 sunt:
718 957 827 993 Lucr.
861 956 933 1001 ΙΙΙ,
970 957 1046 993 787

368 1033 511 1064 certum
532 1040 577 1064 ac
598 1025 875 1077 dispositumst,
908 1025 970 1063 ubi
995 1024 1185 1076 quidquid
1208 1038 1227 1061 c
1243 1037 1346 1061 rese
1363 1029 1409 1059 at
1442 1028 1485 1059 et
1517 1023 1616 1058 insi
1632 1026 1657 1059 t.

198 1096 273 1143 III,
309 1097 386 1134 796
948 1100 1056 1132 tanto
1088 1096 1211 1143 magis
1244 1092 1486 1130 infitiandum

430 1183 550 1215 totum
582 1190 691 1228 posse
723 1183 833 1214 extra
863 1190 1000 1227 eorpus
1032 1176 1219 1213 durare
1252 1176 1400 1225 geniq
1418 1188 1440 1210 u
1453 1187 1482 1211 e.

199 1247 265 1293 VI,
299 1248 376 1285 527
420 1253 545 1285 cetera
575 1260 673 1298 quae
705 1260 854 1284 sursum
886 1251 1124 1284 crescunt
1156 1256 1382 1295 sursumque
1415 1248 1656 1281 creantur.

142 1335 256 1380 atquc
296 1336 454 1380 apparet
496 1330 612 1366 etiam
659 1330 697 1365 in
738 1328 797 1365 liis
835 1327 1072 1365 abundantia
1105 1326 1292 1378 quaedam
1324 1326 1503 1363 Lucretio
1534 1323 1660 1362 solita.

140 1398 358 1436 dubitanter
378 1398 408 1446 ²)
453 1398 513 1436 his
558 1397 658 1435 addo
703 1411 876 1439 versum,
929 1399 991 1448 qui
1027 1397 1203 1447 exempla
1236 1395 1459 1445 Vergiliana
1501 1395 1657 1445 propius

139 1468 298 1506 accedat

227 1550 296 1597 IV,
330 1551 410 1587 705
445 1558 571 1588 errant
603 1563 716 1600 saepe
749 1563 860 1587 canes
893 1551 1024 1599 itaque
1056 1555 1092 1586 et
1127 1549 1291 1598 vestigia
1324 1552 1520 1598 quaerunt.

138 1632 202 1670 ubi
247 1633 435 1670 sententia
479 1631 631 1670 videtur
661 1631 756 1669 haee
797 1644 900 1669 esse:
947 1629 1081 1668 odores
1127 1643 1201 1666 non
1235 1637 1312 1666 tam
1344 1628 1457 1665 facilc
1489 1627 1538 1664 ad
1570 1639 1654 1664 sen-

140 1715 221 1739 sum
266 1707 467 1752 penetrant
513 1715 625 1752 quam
669 1714 790 1738 voces.
861 1714 936 1751 quo
977 1700 1039 1745 fit,
1092 1705 1131 1736 ut
1174 1712 1287 1749 saepe
1337 1710 1450 1735 canes
1495 1698 1659 1746 vestigia

143 1777 368 1822 quaerentes
399 1776 534 1807 errent.
597 1775 765 1820 tempore
797 1771 915 1820 igitur
947 1771 1052 1820 prius
1084 1775 1139 1806 est
1173 1772 1321 1816 restiyia
1352 1781 1534 1815 quaerere,
1575 1767 1658 1817 qui-

143 1839 213 1878 bus
243 1839 371 1877 verbis
403 1845 540 1881 tamen,
585 1846 625 1876 ut
657 1841 878 1890 saepissime
921 1838 1021 1890 apud
1058 1837 1282 1888 Vergilium,
1325 1837 1533 1887 praemissa
1573 1841 1661 1872 sunt

144 1909 262 1947 verba
294 1923 397 1947 canes
430 1923 561 1947 errare.

255 1989 371 2041 Apud
403 1989 621 2029 Ovidium
655 1993 692 2028 in
724 1990 1079 2041 metamorphoseon
1114 1988 1222 2026 libris
1267 1990 1332 2025 vix
1379 1987 1483 2025 locus
1528 1991 1653 2023 exstat

240 2178 271 2211 l)
300 2174 354 2207 liic
386 2185 507 2207 versus
536 2173 611 2208 fere
638 2175 814 2218 repetitus
842 2179 918 2208 est:

236 2248 321 2279 Aen.
350 2246 376 2287 I,
410 2248 472 2279 170
500 2251 534 2279 et
561 2250 701 2279 torrere
729 2250 859 2290 parant
886 2245 1036 2279 flaminis
1064 2250 1097 2277 et
1125 2244 1293 2287 frangere
1321 2253 1417 2277 saxo,

139 2317 199 2350 ubi
227 2317 369 2351 Servius
397 2316 544 2351 eandem
572 2318 818 2360 quaestionem
847 2317 1007 2361 praebet,
1036 2315 1120 2359 quid
1149 2315 1194 2349 sit
1221 2319 1352 2349 torrere
1375 2314 1540 2357 flammis.
1585 2324 1658 2347 reni

138 2375 270 2418 optime
296 2376 490 2410 illustravit
519 2377 638 2419 Henry
666 2377 700 2410 in
731 2376 918 2411 Aeneideis
947 2375 992 2409 ad
1027 2376 1118 2409 hunc
1156 2385 1307 2408 versum.
1360 2384 1424 2406 nec
1466 2373 1542 2407 iure
1571 2373 1659 2407 Nor-

138 2434 205 2468 den
232 2434 253 2468 l.
282 2435 302 2467 l.
343 2446 375 2478 p.
404 2437 472 2469 375
505 2440 609 2479 putat
648 2436 683 2469 in
727 2447 830 2470 versu
858 2436 1112 2479 Georgicorum
1150 2434 1226 2477 ἰ’,ψιί
1270 2443 1398 2467 vacare
1437 2436 1472 2466 et
1508 2436 1658 2475 propter

137 2493 404 2535 responsionem
438 2493 616 2528 adiectum
656 2506 734 2529 esse
767 2494 862 2539 (vide
891 2506 922 2538 p.
952 2498 1023 2538 21).
1076 2495 1180 2527 inimo
1208 2503 1251 2527 ex
1278 2492 1385 2526 Plinii
1412 2492 1443 2525 h.
1463 2503 1494 2525 n.
1524 2490 1654 2533 XVIII,

144 2555 183 2586 10
222 2552 381 2586 novimus
419 2553 541 2597 fruges
577 2554 787 2597 plernnnple
833 2554 907 2588 sole
951 2553 1092 2588 torreri.
1158 2563 1244 2586 sane
1285 2551 1360 2585 sole
1397 2550 1583 2585 deficiente
1618 2555 1658 2584 ut

136 2611 250 2645 hieme
276 2611 330 2645 vei
357 2621 434 2645 cum
462 2612 738 2655 properabatur,
766 2613 840 2656 igni
868 2623 956 2656 opus
984 2617 1076 2646 crat.

237 2684 271 2726 2)
299 2682 392 2715 hunc
419 2692 561 2716 versum
587 2694 656 2716 non
685 2683 762 2717 sine
788 2683 1014 2717 dubitatione
1041 2681 1229 2726 adscripsi,
1258 2681 1449 2724 quoniam,
1486 2680 1516 2714 si
1552 2690 1658 2724 ιμιαε-

141 2746 226 2774 runt
264 2741 464 2784 emphatice
491 2740 622 2774 dietum
651 2751 729 2775 esse
766 2751 885 2775 sumas
921 2752 986 2785 pro
1028 2752 1080 2783 eo,
1125 2739 1218 2784 quod
1253 2744 1308 2774 est
1349 2750 1422 2773 non
1458 2739 1657 2781 inveniunt,

140 2799 308 2844 hysteron
337 2798 507 2843 proteron
535 2809 612 2835 esse
639 2799 708 2834 diei
734 2801 866 2845 nequit..
