<?xml version="1.0" encoding="UTF-8"?>
<!DOCTYPE html PUBLIC "-//W3C//DTD XHTML 1.0 Transitional//EN"
    "http://www.w3.org/TR/xhtml1/DTD/xhtml1-transitional.dtd">
<html xmlns="http://www.w3.org/1999/xhtml" xml:lang="en" lang="en">
 <head>
  <title>
</title>
<meta http-equiv="Content-Type" content="text/html;charset=utf-8" />
  <meta name='ocr-system' content='tesseract 3.04.00' />
  <meta name='ocr-capabilities' content='ocr_page ocr_carea ocr_par ocr_line ocrx_word'/>
</head>
<body>
  <div class='ocr_page' id='page_1' title='image "./devirgiliisermon00druoft_0078.png"; bbox 0 0 1923 3110; ppageno 0'>
   <div class='ocr_carea' id='block_1_1' title="bbox 996 132 1047 167">
    <p class='ocr_par' dir='ltr' id='par_1_1' title="bbox 996 132 1047 167">
     <span class='ocr_line' id='line_1_1' title="bbox 996 132 1047 167; baseline 0.02 -1"><span class='ocrx_word' id='word_1_1' title='bbox 996 132 1047 167; x_wconf 71' lang='lat'>(38</span> 
     </span>
    </p>
   </div>
   <div class='ocr_carea' id='block_1_2' title="bbox 207 243 1735 2390">
    <p class='ocr_par' dir='ltr' id='par_1_2' title="bbox 207 243 1735 2390">
     <span class='ocr_line' id='line_1_2' title="bbox 443 243 1575 297; baseline 0.001 -16"><span class='ocrx_word' id='word_1_2' title='bbox 443 258 583 294; x_wconf 79' lang='lat' dir='ltr'>magna</span> <span class='ocrx_word' id='word_1_3' title='bbox 618 243 730 282; x_wconf 83' lang='lat' dir='ltr'>deum</span> <span class='ocrx_word' id='word_1_4' title='bbox 761 243 823 282; x_wconf 87' lang='lat' dir='ltr'>vel</span> <span class='ocrx_word' id='word_1_5' title='bbox 857 258 953 295; x_wconf 77' lang='lat' dir='ltr'>quae</span> <span class='ocrx_word' id='word_1_6' title='bbox 986 246 1150 283; x_wconf 80' lang='lat' dir='ltr'>fatorum</span> <span class='ocrx_word' id='word_1_7' title='bbox 1184 251 1355 297; x_wconf 71' lang='lat' dir='ltr'>posceret</span> <span class='ocrx_word' id='word_1_8' title='bbox 1388 247 1493 295; x_wconf 69' lang='lat' dir='ltr'>ordo,</span> <span class='ocrx_word' id='word_1_9' title='bbox 1523 269 1575 275; x_wconf 35' lang='grc' dir='ltr'>ἡ,</span> 
     </span>
     <span class='ocr_line' id='line_1_3' title="bbox 449 314 1346 365; baseline 0.002 -15"><span class='ocrx_word' id='word_1_10' title='bbox 449 316 557 365; x_wconf 76' lang='lat' dir='ltr'>isque</span> <span class='ocrx_word' id='word_1_11' title='bbox 590 314 650 351; x_wconf 85' lang='lat' dir='ltr'>his</span> <span class='ocrx_word' id='word_1_12' title='bbox 679 314 838 352; x_wconf 78' lang='lat' dir='ltr'>Aenean</span> <span class='ocrx_word' id='word_1_13' title='bbox 871 315 1018 352; x_wconf 75' lang='lat' dir='ltr'>solatus</span> <span class='ocrx_word' id='word_1_14' title='bbox 1051 316 1209 352; x_wconf 69' lang='lat' dir='ltr'>vocibus</span> <span class='ocrx_word' id='word_1_15' title='bbox 1240 316 1346 353; x_wconf 85' lang='lat' dir='ltr'>intit:</span> 
     </span>
     <span class='ocr_line' id='line_1_4' title="bbox 211 383 1732 436; baseline 0.002 -16"><span class='ocrx_word' id='word_1_16' title='bbox 211 396 299 420; x_wconf 86' lang='lat' dir='ltr'>nam</span> <span class='ocrx_word' id='word_1_17' title='bbox 339 389 425 434; x_wconf 85' lang='lat' dir='ltr'>post</span> <span class='ocrx_word' id='word_1_18' title='bbox 466 383 584 421; x_wconf 83' lang='lat' dir='ltr'>verba</span> <span class='ocrx_word' id='word_1_19' title='bbox 628 390 704 421; x_wconf 79' lang='lat' dir='ltr'>tum</span> <span class='ocrx_word' id='word_1_20' title='bbox 735 389 854 422; x_wconf 77' lang='lat' dir='ltr'>senior</span> <span class='ocrx_word' id='word_1_21' title='bbox 886 387 1039 430; x_wconf 69' lang='lat' dir='ltr'>Nautes,</span> <span class='ocrx_word' id='word_1_22' title='bbox 1081 398 1165 421; x_wconf 85' lang='lat' dir='ltr'>cum</span> <span class='ocrx_word' id='word_1_23' title='bbox 1206 387 1283 422; x_wconf 80' lang='lat' dir='ltr'>iam</span> <span class='ocrx_word' id='word_1_24' title='bbox 1324 391 1594 435; x_wconf 76' lang='lat' dir='ltr'>exspectentur</span> <span class='ocrx_word' id='word_1_25' title='bbox 1634 399 1732 436; x_wconf 86' lang='lat' dir='ltr'>quae</span> 
     </span>
     <span class='ocr_line' id='line_1_5' title="bbox 210 452 1732 505; baseline 0.001 -16"><span class='ocrx_word' id='word_1_26' title='bbox 210 465 322 490; x_wconf 85' lang='lat' dir='ltr'>versu</span> <span class='ocrx_word' id='word_1_27' title='bbox 356 455 436 490; x_wconf 76' lang='grc'>708</span> <span class='ocrx_word' id='word_1_28' title='bbox 469 452 633 504; x_wconf 83' lang='lat' dir='ltr'>denique</span> <span class='ocrx_word' id='word_1_29' title='bbox 664 454 825 503; x_wconf 83' lang='lat' dir='ltr'>legimus</span> <span class='ocrx_word' id='word_1_30' title='bbox 858 454 1007 498; x_wconf 67' lang='lat' dir='ltr'>(&#39;.sol‹1tn.s</span> <span class='ocrx_word' id='word_1_31' title='bbox 1038 456 1177 490; x_wconf 69' lang='lat' dir='ltr'>vocibus</span> <span class='ocrx_word' id='word_1_32' title='bbox 1207 458 1316 504; x_wconf 73' lang='lat' dir='ltr'>insit),</span> <span class='ocrx_word' id='word_1_33' title='bbox 1351 460 1484 505; x_wconf 84' lang='lat' dir='ltr'>poetae</span> <span class='ocrx_word' id='word_1_34' title='bbox 1506 456 1545 491; x_wconf 87' lang='lat' dir='ltr'>in</span> <span class='ocrx_word' id='word_1_35' title='bbox 1568 460 1732 492; x_wconf 82' lang='lat' dir='ltr'>mentem</span> 
     </span>
     <span class='ocr_line' id='line_1_6' title="bbox 211 524 1727 577; baseline 0.003 -17"><span class='ocrx_word' id='word_1_36' title='bbox 211 526 319 561; x_wconf 88' lang='lat' dir='ltr'>venit</span> <span class='ocrx_word' id='word_1_37' title='bbox 348 524 497 576; x_wconf 83' lang='lat' dir='ltr'>aliquid</span> <span class='ocrx_word' id='word_1_38' title='bbox 528 524 576 563; x_wconf 88' lang='lat' dir='ltr'>de</span> <span class='ocrx_word' id='word_1_39' title='bbox 604 525 736 563; x_wconf 81' lang='lat' dir='ltr'>Nauta</span> <span class='ocrx_word' id='word_1_40' title='bbox 766 527 924 575; x_wconf 82' lang='lat' dir='ltr'>eiusque</span> <span class='ocrx_word' id='word_1_41' title='bbox 956 530 1036 561; x_wconf 82' lang='lat' dir='ltr'>arte</span> <span class='ocrx_word' id='word_1_42' title='bbox 1067 526 1247 572; x_wconf 85' lang='lat' dir='ltr'>inserere,</span> <span class='ocrx_word' id='word_1_43' title='bbox 1288 525 1391 576; x_wconf 85' lang='lat' dir='ltr'>quod</span> <span class='ocrx_word' id='word_1_44' title='bbox 1431 526 1524 564; x_wconf 83' lang='lat' dir='ltr'>tacit</span> <span class='ocrx_word' id='word_1_45' title='bbox 1564 528 1727 577; x_wconf 90' lang='lat' dir='ltr'>primum</span> 
     </span>
     <span class='ocr_line' id='line_1_7' title="bbox 211 595 1732 648; baseline 0.003 -18"><span class='ocrx_word' id='word_1_46' title='bbox 211 596 409 632; x_wconf 88' lang='lat' dir='ltr'>enuntiato</span> <span class='ocrx_word' id='word_1_47' title='bbox 442 595 604 632; x_wconf 86' lang='lat' dir='ltr'>relativo</span> <span class='ocrx_word' id='word_1_48' title='bbox 649 610 765 632; x_wconf 74' lang='lat' dir='ltr'>mmm</span> <span class='ocrx_word' id='word_1_49' title='bbox 800 598 970 632; x_wconf 75' lang='lat' dir='ltr'>Tritonia</span> <span class='ocrx_word' id='word_1_50' title='bbox 1003 598 1127 632; x_wconf 72' lang='lat' dir='ltr'>Pallas</span> <span class='ocrx_word' id='word_1_51' title='bbox 1168 609 1272 642; x_wconf 75' lang='lat' dir='ltr'>quem</span> <span class='ocrx_word' id='word_1_52' title='bbox 1304 627 1311 642; x_wconf 91' lang='lat'>,</span> <span class='ocrx_word' id='word_1_53' title='bbox 1345 627 1350 633; x_wconf 91' lang='lat'>.</span> <span class='ocrx_word' id='word_1_54' title='bbox 1385 626 1391 633; x_wconf 94' lang='lat'>.</span> <span class='ocrx_word' id='word_1_55' title='bbox 1425 628 1430 633; x_wconf 91' lang='lat'>.</span> <span class='ocrx_word' id='word_1_56' title='bbox 1463 603 1563 644; x_wconf 71' lang='lat' dir='ltr'>arte3</span> <span class='ocrx_word' id='word_1_57' title='bbox 1609 609 1732 648; x_wconf 87' lang='lat' dir='ltr'>neque</span> 
     </span>
     <span class='ocr_line' id='line_1_8' title="bbox 212 663 1733 715; baseline 0.001 -15"><span class='ocrx_word' id='word_1_58' title='bbox 212 663 272 700; x_wconf 82' lang='lat' dir='ltr'>his</span> <span class='ocrx_word' id='word_1_59' title='bbox 303 666 396 701; x_wconf 83' lang='lat' dir='ltr'>satis</span> <span class='ocrx_word' id='word_1_60' title='bbox 427 663 570 702; x_wconf 81' lang='lat' dir='ltr'>dixisse</span> <span class='ocrx_word' id='word_1_61' title='bbox 601 664 674 702; x_wconf 85' lang='lat' dir='ltr'>sibi</span> <span class='ocrx_word' id='word_1_62' title='bbox 706 666 811 701; x_wconf 86' lang='lat' dir='ltr'>visus</span> <span class='ocrx_word' id='word_1_63' title='bbox 843 677 908 714; x_wconf 85' lang='lat' dir='ltr'>per</span> <span class='ocrx_word' id='word_1_64' title='bbox 937 664 1197 714; x_wconf 75' lang='lat' dir='ltr'>parenthesin,</span> <span class='ocrx_word' id='word_1_65' title='bbox 1230 665 1356 715; x_wconf 84' lang='lat' dir='ltr'>qualis</span> <span class='ocrx_word' id='word_1_66' title='bbox 1387 668 1436 703; x_wconf 84' lang='lat' dir='ltr'>sit</span> <span class='ocrx_word' id='word_1_67' title='bbox 1468 668 1549 704; x_wconf 88' lang='lat' dir='ltr'>eius</span> <span class='ocrx_word' id='word_1_68' title='bbox 1581 680 1642 703; x_wconf 83' lang='lat' dir='ltr'>ars</span> <span class='ocrx_word' id='word_1_69' title='bbox 1665 679 1733 703; x_wconf 85' lang='lat' dir='ltr'>va-</span> 
     </span>
     <span class='ocr_line' id='line_1_9' title="bbox 209 736 1734 790; baseline -0.001 -17"><span class='ocrx_word' id='word_1_70' title='bbox 209 736 408 789; x_wconf 77' lang='lat' dir='ltr'>ticinandi,</span> <span class='ocrx_word' id='word_1_71' title='bbox 439 737 617 784; x_wconf 88' lang='lat' dir='ltr'>ostendit,</span> <span class='ocrx_word' id='word_1_72' title='bbox 650 736 745 773; x_wconf 80' lang='lat' dir='ltr'>duas</span> <span class='ocrx_word' id='word_1_73' title='bbox 777 749 835 774; x_wconf 90' lang='lat' dir='ltr'>res</span> <span class='ocrx_word' id='word_1_74' title='bbox 867 738 982 773; x_wconf 86' lang='lat' dir='ltr'>etiam</span> <span class='ocrx_word' id='word_1_75' title='bbox 1023 736 1124 787; x_wconf 81' lang='lat' dir='ltr'>apud</span> <span class='ocrx_word' id='word_1_76' title='bbox 1162 737 1258 774; x_wconf 88' lang='lat' dir='ltr'>alios</span> <span class='ocrx_word' id='word_1_77' title='bbox 1279 737 1482 775; x_wconf 84' lang='lat' dir='ltr'>distinctas</span> <span class='ocrx_word' id='word_1_78' title='bbox 1503 736 1734 790; x_wconf 78' lang='lat' dir='ltr'>indicans1).</span> 
     </span>
     <span class='ocr_line' id='line_1_10' title="bbox 212 806 1733 858; baseline 0.001 -15"><span class='ocrx_word' id='word_1_79' title='bbox 212 819 303 844; x_wconf 88' lang='lat' dir='ltr'>sane</span> <span class='ocrx_word' id='word_1_80' title='bbox 333 807 572 857; x_wconf 82' lang='lat' dir='ltr'>parenthesis</span> <span class='ocrx_word' id='word_1_81' title='bbox 603 812 748 854; x_wconf 63' lang='lat' dir='ltr'>exstat,</span> <span class='ocrx_word' id='word_1_82' title='bbox 790 806 895 843; x_wconf 90' lang='lat' dir='ltr'>nullo</span> <span class='ocrx_word' id='word_1_83' title='bbox 939 808 1040 843; x_wconf 87' lang='lat' dir='ltr'>enim</span> <span class='ocrx_word' id='word_1_84' title='bbox 1082 806 1195 844; x_wconf 85' lang='lat' dir='ltr'>modo</span> <span class='ocrx_word' id='word_1_85' title='bbox 1235 806 1339 854; x_wconf 84' lang='lat' dir='ltr'>ordo,</span> <span class='ocrx_word' id='word_1_86' title='bbox 1387 809 1441 845; x_wconf 75' lang='lat' dir='ltr'>sie</span> <span class='ocrx_word' id='word_1_87' title='bbox 1483 814 1524 845; x_wconf 90' lang='lat' dir='ltr'>ut</span> <span class='ocrx_word' id='word_1_88' title='bbox 1555 808 1733 858; x_wconf 85' lang='lat' dir='ltr'>Heynius</span> 
     </span>
     <span class='ocr_line' id='line_1_11' title="bbox 209 876 1730 927; baseline 0.001 -14"><span class='ocrx_word' id='word_1_89' title='bbox 209 876 351 924; x_wconf 90' lang='lat' dir='ltr'>voluit,</span> <span class='ocrx_word' id='word_1_90' title='bbox 397 879 638 914; x_wconf 83' lang='lat' dir='ltr'>continuatus</span> <span class='ocrx_word' id='word_1_91' title='bbox 675 883 775 914; x_wconf 83' lang='lat' dir='ltr'>stare</span> <span class='ocrx_word' id='word_1_92' title='bbox 817 882 966 927; x_wconf 88' lang='lat' dir='ltr'>potest:</span> <span class='ocrx_word' id='word_1_93' title='bbox 1014 884 1091 913; x_wconf 67' lang='lat' dir='ltr'>tecm</span> <span class='ocrx_word' id='word_1_94' title='bbox 1131 881 1251 914; x_wconf 74' lang='lat' dir='ltr'>senior</span> <span class='ocrx_word' id='word_1_95' title='bbox 1283 880 1426 915; x_wconf 70' lang='lat' dir='ltr'>Nautes</span> <span class='ocrx_word' id='word_1_96' title='bbox 1469 909 1475 915; x_wconf 97' lang='lat'>.</span> <span class='ocrx_word' id='word_1_97' title='bbox 1510 909 1515 914; x_wconf 94' lang='lat'>.</span> <span class='ocrx_word' id='word_1_98' title='bbox 1550 909 1556 915; x_wconf 88' lang='lat'>.</span> <span class='ocrx_word' id='word_1_99' title='bbox 1592 908 1598 914; x_wconf 87' lang='lat'><strong>.</strong></span> <span class='ocrx_word' id='word_1_100' title='bbox 1644 881 1730 916; x_wconf 79' lang='lat' dir='ltr'>haee</span> 
     </span>
     <span class='ocr_line' id='line_1_12' title="bbox 210 946 1733 997; baseline 0.001 -13"><span class='ocrx_word' id='word_1_101' title='bbox 210 960 382 994; x_wconf 73' lang='lat' dir='ltr'>‘responsa</span> <span class='ocrx_word' id='word_1_102' title='bbox 428 950 551 984; x_wconf 74' lang='lat' dir='ltr'>dabat.</span> <span class='ocrx_word' id='word_1_103' title='bbox 624 952 774 997; x_wconf 84' lang='lat' dir='ltr'>praeter</span> <span class='ocrx_word' id='word_1_104' title='bbox 822 946 1036 996; x_wconf 72' lang='lat' dir='ltr'>imperfecti</span> <span class='ocrx_word' id='word_1_105' title='bbox 1088 946 1249 983; x_wconf 86' lang='lat' dir='ltr'>formam</span> <span class='ocrx_word' id='word_1_106' title='bbox 1297 951 1409 985; x_wconf 70' lang='lat' dir='ltr'>(labat</span> <span class='ocrx_word' id='word_1_107' title='bbox 1452 949 1637 995; x_wconf 80' lang='lat' dir='ltr'>maxime,</span> <span class='ocrx_word' id='word_1_108' title='bbox 1685 960 1733 985; x_wconf 91' lang='lat' dir='ltr'>ne</span> 
     </span>
     <span class='ocr_line' id='line_1_13' title="bbox 210 1015 1726 1068; baseline 0.001 -15"><span class='ocrx_word' id='word_1_109' title='bbox 210 1016 312 1053; x_wconf 78' lang='lat' dir='ltr'>hunc</span> <span class='ocrx_word' id='word_1_110' title='bbox 343 1029 425 1054; x_wconf 87' lang='lat' dir='ltr'>esse</span> <span class='ocrx_word' id='word_1_111' title='bbox 456 1015 628 1053; x_wconf 79' lang='lat' dir='ltr'>ordinem</span> <span class='ocrx_word' id='word_1_112' title='bbox 659 1022 848 1067; x_wconf 79' lang='lat' dir='ltr'>putemus,</span> <span class='ocrx_word' id='word_1_113' title='bbox 882 1015 1043 1067; x_wconf 89' lang='lat' dir='ltr'>impedit</span> <span class='ocrx_word' id='word_1_114' title='bbox 1074 1015 1175 1067; x_wconf 88' lang='lat' dir='ltr'>quod</span> <span class='ocrx_word' id='word_1_115' title='bbox 1208 1019 1380 1068; x_wconf 84' lang='lat' dir='ltr'>sequitur</span> <span class='ocrx_word' id='word_1_116' title='bbox 1401 1022 1450 1055; x_wconf 79' lang='lat' dir='ltr'>vel</span> <span class='ocrx_word' id='word_1_117' title='bbox 1470 1032 1563 1065; x_wconf 73' lang='lat' dir='ltr'>quae</span> <span class='ocrx_word' id='word_1_118' title='bbox 1578 1024 1726 1064; x_wconf 74' lang='lat' dir='ltr'>porten-</span> 
     </span>
     <span class='ocr_line' id='line_1_14' title="bbox 210 1085 1732 1137; baseline 0.001 -14"><span class='ocrx_word' id='word_1_119' title='bbox 210 1089 308 1123; x_wconf 73' lang='lat' dir='ltr'>deret</span> <span class='ocrx_word' id='word_1_120' title='bbox 338 1091 399 1124; x_wconf 72' lang='lat' dir='ltr'>ira</span> <span class='ocrx_word' id='word_1_121' title='bbox 429 1101 565 1134; x_wconf 65' lang='lat' dir='ltr'>magna</span> <span class='ocrx_word' id='word_1_122' title='bbox 596 1089 714 1132; x_wconf 66' lang='lat' dir='ltr'>domn,</span> <span class='ocrx_word' id='word_1_123' title='bbox 759 1085 806 1123; x_wconf 90' lang='lat' dir='ltr'>de</span> <span class='ocrx_word' id='word_1_124' title='bbox 839 1099 915 1137; x_wconf 86' lang='lat' dir='ltr'>qua</span> <span class='ocrx_word' id='word_1_125' title='bbox 946 1099 985 1123; x_wconf 88' lang='lat' dir='ltr'>re</span> <span class='ocrx_word' id='word_1_126' title='bbox 1016 1086 1161 1123; x_wconf 88' lang='lat' dir='ltr'>nullum</span> <span class='ocrx_word' id='word_1_127' title='bbox 1194 1086 1351 1123; x_wconf 88' lang='lat' dir='ltr'>verbum</span> <span class='ocrx_word' id='word_1_128' title='bbox 1383 1094 1517 1137; x_wconf 82' lang='lat' dir='ltr'>postea</span> <span class='ocrx_word' id='word_1_129' title='bbox 1557 1087 1732 1136; x_wconf 78' lang='lat' dir='ltr'>legimus.</span> 
     </span>
     <span class='ocr_line' id='line_1_15' title="bbox 210 1155 1731 1209; baseline 0 -15"><span class='ocrx_word' id='word_1_130' title='bbox 210 1169 302 1205; x_wconf 88' lang='lat' dir='ltr'>ergo</span> <span class='ocrx_word' id='word_1_131' title='bbox 349 1163 451 1194; x_wconf 88' lang='lat' dir='ltr'>recte</span> <span class='ocrx_word' id='word_1_132' title='bbox 481 1156 739 1209; x_wconf 60' lang='lat' dir='ltr'>,parenthesin</span> <span class='ocrx_word' id='word_1_133' title='bbox 779 1155 1047 1193; x_wconf 86' lang='lat' dir='ltr'>indicaverunt</span> <span class='ocrx_word' id='word_1_134' title='bbox 1088 1156 1268 1204; x_wconf 81' lang='lat' dir='ltr'>Gossrau,</span> <span class='ocrx_word' id='word_1_135' title='bbox 1310 1157 1456 1207; x_wconf 82' lang='lat' dir='ltr'>Henry,</span> <span class='ocrx_word' id='word_1_136' title='bbox 1500 1156 1731 1206; x_wconf 80' lang='lat' dir='ltr'>Conington,</span> 
     </span>
     <span class='ocr_line' id='line_1_16' title="bbox 210 1225 1735 1278; baseline 0 -15"><span class='ocrx_word' id='word_1_137' title='bbox 210 1226 397 1263; x_wconf 85' lang='lat' dir='ltr'>Ribbeck.</span> <span class='ocrx_word' id='word_1_138' title='bbox 459 1230 571 1264; x_wconf 76' lang='lat' dir='ltr'>dabat</span> <span class='ocrx_word' id='word_1_139' title='bbox 602 1232 730 1264; x_wconf 85' lang='lat' dir='ltr'>autem</span> <span class='ocrx_word' id='word_1_140' title='bbox 771 1232 870 1263; x_wconf 88' lang='lat' dir='ltr'>certe</span> <span class='ocrx_word' id='word_1_141' title='bbox 911 1225 957 1263; x_wconf 87' lang='lat' dir='ltr'>de</span> <span class='ocrx_word' id='word_1_142' title='bbox 990 1227 1121 1263; x_wconf 76' lang='lat' dir='ltr'>Nautu</span> <span class='ocrx_word' id='word_1_143' title='bbox 1161 1225 1305 1264; x_wconf 79' lang='lat' dir='ltr'>dictum</span> <span class='ocrx_word' id='word_1_144' title='bbox 1347 1233 1414 1273; x_wconf 88' lang='lat' dir='ltr'>est,</span> <span class='ocrx_word' id='word_1_145' title='bbox 1457 1239 1591 1278; x_wconf 82' lang='lat' dir='ltr'>neque,</span> <span class='ocrx_word' id='word_1_146' title='bbox 1634 1225 1735 1278; x_wconf 83' lang='lat' dir='ltr'>quod</span> 
     </span>
     <span class='ocr_line' id='line_1_17' title="bbox 209 1295 1730 1347; baseline 0 -14"><span class='ocrx_word' id='word_1_147' title='bbox 209 1295 365 1347; x_wconf 88' lang='lat' dir='ltr'>quidem</span> <span class='ocrx_word' id='word_1_148' title='bbox 406 1296 541 1333; x_wconf 84' lang='lat' dir='ltr'>volunt</span> <span class='ocrx_word' id='word_1_149' title='bbox 572 1296 707 1346; x_wconf 79' lang='lat' dir='ltr'>Hem-y</span> <span class='ocrx_word' id='word_1_150' title='bbox 748 1302 785 1333; x_wconf 93' lang='lat' dir='ltr'>et</span> <span class='ocrx_word' id='word_1_151' title='bbox 817 1296 1047 1345; x_wconf 72' lang='lat' dir='ltr'>Conington,</span> <span class='ocrx_word' id='word_1_152' title='bbox 1090 1300 1176 1333; x_wconf 68' lang='lat' dir='ltr'>haec</span> <span class='ocrx_word' id='word_1_153' title='bbox 1216 1296 1311 1346; x_wconf 78' lang='lat' dir='ltr'>(scil.</span> <span class='ocrx_word' id='word_1_154' title='bbox 1348 1298 1486 1347; x_wconf 71' lang='lat' dir='ltr'>Pallas)</span> <span class='ocrx_word' id='word_1_155' title='bbox 1519 1296 1730 1334; x_wconf 87' lang='lat' dir='ltr'>subiectum</span> 
     </span>
     <span class='ocr_line' id='line_1_18' title="bbox 211 1365 1735 1417; baseline 0.001 -14"><span class='ocrx_word' id='word_1_156' title='bbox 211 1372 276 1403; x_wconf 90' lang='lat' dir='ltr'>est.</span> <span class='ocrx_word' id='word_1_157' title='bbox 338 1367 420 1417; x_wconf 86' lang='lat' dir='ltr'>ipse</span> <span class='ocrx_word' id='word_1_158' title='bbox 452 1366 597 1403; x_wconf 87' lang='lat' dir='ltr'>Nautes</span> <span class='ocrx_word' id='word_1_159' title='bbox 629 1372 709 1403; x_wconf 78' lang='lat' dir='ltr'>arte</span> <span class='ocrx_word' id='word_1_160' title='bbox 741 1380 763 1402; x_wconf 90' lang='lat' dir='ltr'>a</span> <span class='ocrx_word' id='word_1_161' title='bbox 785 1365 946 1403; x_wconf 77' lang='lat' dir='ltr'>Pallade</span> <span class='ocrx_word' id='word_1_162' title='bbox 979 1372 1138 1416; x_wconf 80' lang='lat' dir='ltr'>accepta</span> <span class='ocrx_word' id='word_1_163' title='bbox 1169 1365 1366 1416; x_wconf 87' lang='lat' dir='ltr'>praeditus</span> <span class='ocrx_word' id='word_1_164' title='bbox 1398 1379 1582 1416; x_wconf 84' lang='lat' dir='ltr'>responsa</span> <span class='ocrx_word' id='word_1_165' title='bbox 1607 1365 1735 1405; x_wconf 85' lang='lat' dir='ltr'>dabat.</span> 
     </span>
     <span class='ocr_line' id='line_1_19' title="bbox 212 1434 1734 1485; baseline -0.001 -12"><span class='ocrx_word' id='word_1_166' title='bbox 212 1450 301 1473; x_wconf 86' lang='lat' dir='ltr'>nam</span> <span class='ocrx_word' id='word_1_167' title='bbox 346 1450 520 1484; x_wconf 70' lang='lat' dir='ltr'>responsa</span> <span class='ocrx_word' id='word_1_168' title='bbox 562 1439 652 1473; x_wconf 71' lang='lat' dir='ltr'>(Iao-e</span> <span class='ocrx_word' id='word_1_169' title='bbox 697 1449 771 1472; x_wconf 91' lang='lat' dir='ltr'>non</span> <span class='ocrx_word' id='word_1_170' title='bbox 810 1435 932 1472; x_wconf 87' lang='lat' dir='ltr'>solum</span> <span class='ocrx_word' id='word_1_171' title='bbox 965 1434 1011 1472; x_wconf 88' lang='lat' dir='ltr'>de</span> <span class='ocrx_word' id='word_1_172' title='bbox 1044 1435 1150 1483; x_wconf 87' lang='lat' dir='ltr'>deis,</span> <span class='ocrx_word' id='word_1_173' title='bbox 1190 1442 1232 1473; x_wconf 87' lang='lat' dir='ltr'>ut</span> <span class='ocrx_word' id='word_1_174' title='bbox 1265 1436 1484 1485; x_wconf 56' lang='lat' dir='ltr'>Conington</span> <span class='ocrx_word' id='word_1_175' title='bbox 1530 1442 1567 1473; x_wconf 88' lang='lat' dir='ltr'>et</span> <span class='ocrx_word' id='word_1_176' title='bbox 1598 1435 1734 1485; x_wconf 78' lang='lat' dir='ltr'>Henry</span> 
     </span>
     <span class='ocr_line' id='line_1_20' title="bbox 211 1504 1734 1556; baseline -0.001 -13"><span class='ocrx_word' id='word_1_177' title='bbox 211 1505 455 1554; x_wconf 84' lang='lat' dir='ltr'>contendunt,</span> <span class='ocrx_word' id='word_1_178' title='bbox 495 1505 561 1543; x_wconf 85' lang='lat' dir='ltr'>sed</span> <span class='ocrx_word' id='word_1_179' title='bbox 605 1519 726 1556; x_wconf 82' lang='lat' dir='ltr'>aequo</span> <span class='ocrx_word' id='word_1_180' title='bbox 772 1507 865 1552; x_wconf 87' lang='lat' dir='ltr'>iure,</span> <span class='ocrx_word' id='word_1_181' title='bbox 910 1507 1089 1556; x_wconf 87' lang='lat' dir='ltr'>quoniam</span> <span class='ocrx_word' id='word_1_182' title='bbox 1134 1512 1190 1543; x_wconf 87' lang='lat' dir='ltr'>est</span> <span class='ocrx_word' id='word_1_183' title='bbox 1238 1505 1468 1543; x_wconf 81' lang='lat' dir='ltr'>vocabulum</span> <span class='ocrx_word' id='word_1_184' title='bbox 1500 1504 1734 1543; x_wconf 87' lang='lat' dir='ltr'>iureconsul-</span> 
     </span>
     <span class='ocr_line' id='line_1_21' title="bbox 213 1574 1733 1626; baseline -0.001 -13"><span class='ocrx_word' id='word_1_185' title='bbox 213 1582 357 1624; x_wconf 89' lang='lat' dir='ltr'>torum,</span> <span class='ocrx_word' id='word_1_186' title='bbox 404 1575 451 1613; x_wconf 88' lang='lat' dir='ltr'>de</span> <span class='ocrx_word' id='word_1_187' title='bbox 492 1575 647 1613; x_wconf 84' lang='lat' dir='ltr'>vatibus</span> <span class='ocrx_word' id='word_1_188' title='bbox 668 1574 696 1626; x_wconf 77' lang='lat'>²)</span> <span class='ocrx_word' id='word_1_189' title='bbox 729 1581 950 1625; x_wconf 85' lang='lat' dir='ltr'>usurpatur,</span> <span class='ocrx_word' id='word_1_190' title='bbox 994 1577 1058 1626; x_wconf 87' lang='lat' dir='ltr'>qui</span> <span class='ocrx_word' id='word_1_191' title='bbox 1092 1575 1254 1613; x_wconf 81' lang='lat' dir='ltr'>consulti</span> <span class='ocrx_word' id='word_1_192' title='bbox 1295 1575 1452 1613; x_wconf 90' lang='lat' dir='ltr'>deorum</span> <span class='ocrx_word' id='word_1_193' title='bbox 1497 1575 1733 1612; x_wconf 84' lang='lat' dir='ltr'>voluntatem</span> 
     </span>
     <span class='ocr_line' id='line_1_22' title="bbox 210 1644 1730 1698; baseline -0.001 -15"><span class='ocrx_word' id='word_1_194' title='bbox 210 1645 394 1684; x_wconf 86' lang='lat' dir='ltr'>indicant.</span> <span class='ocrx_word' id='word_1_195' title='bbox 455 1647 587 1698; x_wconf 87' lang='lat' dir='ltr'>itaque</span> <span class='ocrx_word' id='word_1_196' title='bbox 623 1659 709 1683; x_wconf 90' lang='lat' dir='ltr'>cum</span> <span class='ocrx_word' id='word_1_197' title='bbox 750 1659 827 1682; x_wconf 89' lang='lat' dir='ltr'>non</span> <span class='ocrx_word' id='word_1_198' title='bbox 869 1644 1043 1682; x_wconf 82' lang='lat' dir='ltr'>Palladis</span> <span class='ocrx_word' id='word_1_199' title='bbox 1086 1644 1151 1682; x_wconf 86' lang='lat' dir='ltr'>sed</span> <span class='ocrx_word' id='word_1_200' title='bbox 1193 1645 1346 1683; x_wconf 81' lang='lat' dir='ltr'>Nautae</span> <span class='ocrx_word' id='word_1_201' title='bbox 1390 1659 1451 1682; x_wconf 81' lang='lat' dir='ltr'>ars</span> <span class='ocrx_word' id='word_1_202' title='bbox 1494 1644 1730 1682; x_wconf 84' lang='lat' dir='ltr'>vaticinandi</span> 
     </span>
     <span class='ocr_line' id='line_1_23' title="bbox 213 1714 1730 1766; baseline -0.001 -12"><span class='ocrx_word' id='word_1_203' title='bbox 213 1716 402 1763; x_wconf 81' lang='lat' dir='ltr'>laudetur,</span> <span class='ocrx_word' id='word_1_204' title='bbox 435 1715 677 1753; x_wconf 86' lang='lat' dir='ltr'>scribendum</span> <span class='ocrx_word' id='word_1_205' title='bbox 709 1721 765 1752; x_wconf 89' lang='lat' dir='ltr'>est</span> <span class='ocrx_word' id='word_1_206' title='bbox 796 1718 864 1752; x_wconf 81' lang='lat' dir='ltr'>hae</span> <span class='ocrx_word' id='word_1_207' title='bbox 894 1715 989 1764; x_wconf 68' lang='lat' dir='ltr'>(scil.</span> <span class='ocrx_word' id='word_1_208' title='bbox 1023 1721 1104 1752; x_wconf 80' lang='lat' dir='ltr'>arte</span> <span class='ocrx_word' id='word_1_209' title='bbox 1135 1729 1157 1751; x_wconf 88' lang='lat' dir='ltr'>a</span> <span class='ocrx_word' id='word_1_210' title='bbox 1179 1714 1340 1752; x_wconf 81' lang='lat' dir='ltr'>Pallade</span> <span class='ocrx_word' id='word_1_211' title='bbox 1362 1716 1544 1766; x_wconf 79' lang='lat' dir='ltr'>accepta).</span> <span class='ocrx_word' id='word_1_212' title='bbox 1606 1727 1730 1766; x_wconf 84' lang='lat' dir='ltr'>neque</span> 
     </span>
     <span class='ocr_line' id='line_1_24' title="bbox 211 1784 1730 1836; baseline -0.001 -13"><span class='ocrx_word' id='word_1_213' title='bbox 211 1786 435 1836; x_wconf 84' lang='lat' dir='ltr'>Conington</span> <span class='ocrx_word' id='word_1_214' title='bbox 478 1791 578 1823; x_wconf 80' lang='lat' dir='ltr'>recte</span> <span class='ocrx_word' id='word_1_215' title='bbox 626 1791 736 1836; x_wconf 86' lang='lat' dir='ltr'>putat</span> <span class='ocrx_word' id='word_1_216' title='bbox 785 1798 919 1822; x_wconf 85' lang='lat' dir='ltr'>vocem</span> <span class='ocrx_word' id='word_1_217' title='bbox 961 1785 1162 1822; x_wconf 84' lang='lat' dir='ltr'>relativam</span> <span class='ocrx_word' id='word_1_218' title='bbox 1210 1799 1302 1833; x_wconf 66' lang='lat' dir='ltr'>qnae</span> <span class='ocrx_word' id='word_1_219' title='bbox 1353 1799 1437 1822; x_wconf 88' lang='lat' dir='ltr'>cum</span> <span class='ocrx_word' id='word_1_220' title='bbox 1487 1784 1730 1822; x_wconf 85' lang='lat' dir='ltr'>substantivo</span> 
     </span>
     <span class='ocr_line' id='line_1_25' title="bbox 211 1853 1734 1908; baseline -0.002 -14"><span class='ocrx_word' id='word_1_221' title='bbox 211 1855 314 1908; x_wconf 85' lang='lat' dir='ltr'>quod</span> <span class='ocrx_word' id='word_1_222' title='bbox 345 1862 402 1894; x_wconf 82' lang='lat' dir='ltr'>est</span> <span class='ocrx_word' id='word_1_223' title='bbox 433 1869 604 1903; x_wconf 73' lang='lat' dir='ltr'>responsa</span> <span class='ocrx_word' id='word_1_224' title='bbox 634 1856 689 1892; x_wconf 87' lang='lat' dir='ltr'>ita</span> <span class='ocrx_word' id='word_1_225' title='bbox 721 1853 1028 1904; x_wconf 80' lang='lat' dir='ltr'>coniungendam</span> <span class='ocrx_word' id='word_1_226' title='bbox 1060 1867 1152 1901; x_wconf 85' lang='lat' dir='ltr'>esse,</span> <span class='ocrx_word' id='word_1_227' title='bbox 1185 1860 1227 1892; x_wconf 88' lang='lat' dir='ltr'>ut</span> <span class='ocrx_word' id='word_1_228' title='bbox 1258 1856 1446 1892; x_wconf 88' lang='lat' dir='ltr'>sententia</span> <span class='ocrx_word' id='word_1_229' title='bbox 1477 1854 1638 1892; x_wconf 85' lang='lat' dir='ltr'>evadat:</span> <span class='ocrx_word' id='word_1_230' title='bbox 1683 1858 1734 1892; x_wconf 62' lang='lat' dir='ltr'>vel</span> 
     </span>
     <span class='ocr_line' id='line_1_26' title="bbox 214 1924 1729 1975; baseline -0.003 -11"><span class='ocrx_word' id='word_1_231' title='bbox 214 1941 307 1975; x_wconf 77' lang='lat' dir='ltr'>quae</span> <span class='ocrx_word' id='word_1_232' title='bbox 347 1939 520 1973; x_wconf 67' lang='lat' dir='ltr'>responsa</span> <span class='ocrx_word' id='word_1_233' title='bbox 555 1928 782 1972; x_wconf 68' lang='lat' dir='ltr'>portenderet</span> <span class='ocrx_word' id='word_1_234' title='bbox 827 1929 887 1962; x_wconf 54' lang='lat' dir='ltr'>‘ira</span> <span class='ocrx_word' id='word_1_235' title='bbox 927 1927 1075 1961; x_wconf 78' lang='lat' dir='ltr'>deorum</span> <span class='ocrx_word' id='word_1_236' title='bbox 1117 1928 1163 1961; x_wconf 79' lang='lat' dir='ltr'>vel</span> <span class='ocrx_word' id='word_1_237' title='bbox 1203 1938 1295 1971; x_wconf 71' lang='lat' dir='ltr'>quae</span> <span class='ocrx_word' id='word_1_238' title='bbox 1335 1924 1535 1974; x_wconf 74' lang='lat' dir='ltr'>(responsa)</span> <span class='ocrx_word' id='word_1_239' title='bbox 1567 1928 1729 1970; x_wconf 77' lang='lat' dir='ltr'>fatorum</span> 
     </span>
     <span class='ocr_line' id='line_1_27' title="bbox 210 1993 1725 2046; baseline -0.003 -12"><span class='ocrx_word' id='word_1_240' title='bbox 210 2003 365 2044; x_wconf 74' lang='lat' dir='ltr'>posceret</span> <span class='ocrx_word' id='word_1_241' title='bbox 389 1998 499 2043; x_wconf 68' lang='lat' dir='ltr'>ordo,</span> <span class='ocrx_word' id='word_1_242' title='bbox 531 1997 657 2046; x_wconf 80' lang='lat' dir='ltr'>potius</span> <span class='ocrx_word' id='word_1_243' title='bbox 680 1996 718 2031; x_wconf 86' lang='lat' dir='ltr'>in</span> <span class='ocrx_word' id='word_1_244' title='bbox 751 2008 868 2031; x_wconf 90' lang='lat' dir='ltr'>unum</span> <span class='ocrx_word' id='word_1_245' title='bbox 900 1993 1256 2045; x_wconf 86' lang='lat' dir='ltr'>comprehendenda</span> <span class='ocrx_word' id='word_1_246' title='bbox 1286 2000 1375 2031; x_wconf 90' lang='lat' dir='ltr'>sunt</span> <span class='ocrx_word' id='word_1_247' title='bbox 1407 1993 1524 2031; x_wconf 86' lang='lat' dir='ltr'>verba</span> <span class='ocrx_word' id='word_1_248' title='bbox 1554 2007 1725 2041; x_wconf 67' lang='lat' dir='ltr'>responsa</span> 
     </span>
     <span class='ocr_line' id='line_1_28' title="bbox 212 2063 1724 2116; baseline -0.003 -12"><span class='ocrx_word' id='word_1_249' title='bbox 212 2070 335 2113; x_wconf 78' lang='lat' dir='ltr'>dabat,</span> <span class='ocrx_word' id='word_1_250' title='bbox 378 2080 398 2103; x_wconf 90' lang='lat' dir='ltr'>e</span> <span class='ocrx_word' id='word_1_251' title='bbox 432 2065 571 2116; x_wconf 84' lang='lat' dir='ltr'>quibus</span> <span class='ocrx_word' id='word_1_252' title='bbox 602 2064 714 2102; x_wconf 82' lang='lat' dir='ltr'>facile</span> <span class='ocrx_word' id='word_1_253' title='bbox 745 2078 872 2101; x_wconf 79' lang='lat' dir='ltr'>sumas</span> <span class='ocrx_word' id='word_1_254' title='bbox 904 2064 1060 2101; x_wconf 82' lang='lat' dir='ltr'>verbum</span> <span class='ocrx_word' id='word_1_255' title='bbox 1103 2063 1255 2102; x_wconf 87' lang='lat' dir='ltr'>dicendi</span> <span class='ocrx_word' id='word_1_256' title='bbox 1302 2063 1351 2100; x_wconf 85' lang='lat' dir='ltr'>ad</span> <span class='ocrx_word' id='word_1_257' title='bbox 1390 2065 1590 2114; x_wconf 84' lang='lat' dir='ltr'>sequentia</span> <span class='ocrx_word' id='word_1_258' title='bbox 1635 2076 1724 2114; x_wconf 82' lang='lat' dir='ltr'>sup-</span> 
     </span>
     <span class='ocr_line' id='line_1_29' title="bbox 207 2132 1726 2188; baseline -0.002 -15"><span class='ocrx_word' id='word_1_259' title='bbox 207 2135 400 2188; x_wconf 87' lang='lat' dir='ltr'>plendum,</span> <span class='ocrx_word' id='word_1_260' title='bbox 432 2141 469 2172; x_wconf 88' lang='lat' dir='ltr'>et</span> <span class='ocrx_word' id='word_1_261' title='bbox 500 2136 690 2172; x_wconf 83' lang='lat' dir='ltr'>sententia</span> <span class='ocrx_word' id='word_1_262' title='bbox 723 2134 817 2172; x_wconf 83' lang='lat' dir='ltr'>haec</span> <span class='ocrx_word' id='word_1_263' title='bbox 849 2140 927 2181; x_wconf 84' lang='lat' dir='ltr'>est,</span> <span class='ocrx_word' id='word_1_264' title='bbox 964 2134 1035 2171; x_wconf 81' lang='lat' dir='ltr'>hac</span> <span class='ocrx_word' id='word_1_265' title='bbox 1067 2134 1180 2184; x_wconf 81' lang='lat' dir='ltr'>(arte)</span> <span class='ocrx_word' id='word_1_266' title='bbox 1213 2147 1395 2185; x_wconf 83' lang='lat' dir='ltr'>responsa</span> <span class='ocrx_word' id='word_1_267' title='bbox 1426 2132 1554 2179; x_wconf 86' lang='lat' dir='ltr'>dabat,</span> <span class='ocrx_word' id='word_1_268' title='bbox 1587 2133 1726 2184; x_wconf 81' lang='lat' dir='ltr'>quibus</span> 
     </span>
     <span class='ocr_line' id='line_1_30' title="bbox 208 2201 1728 2255; baseline -0.002 -13"><span class='ocrx_word' id='word_1_269' title='bbox 208 2206 411 2243; x_wconf 78' lang='lat' dir='ltr'>nuntiabat</span> <span class='ocrx_word' id='word_1_270' title='bbox 443 2205 505 2242; x_wconf 90' lang='lat' dir='ltr'>vel</span> <span class='ocrx_word' id='word_1_271' title='bbox 538 2218 634 2255; x_wconf 77' lang='lat' dir='ltr'>quae</span> <span class='ocrx_word' id='word_1_272' title='bbox 665 2236 670 2241; x_wconf 92' lang='lat'><em>.</em></span> <span class='ocrx_word' id='word_1_273' title='bbox 703 2235 710 2242; x_wconf 86' lang='lat'>.</span> <span class='ocrx_word' id='word_1_274' title='bbox 745 2233 751 2241; x_wconf 94' lang='lat'><strong>.</strong></span> <span class='ocrx_word' id='word_1_275' title='bbox 785 2234 791 2241; x_wconf 92' lang='lat'><strong>.</strong></span> <span class='ocrx_word' id='word_1_276' title='bbox 824 2210 861 2241; x_wconf 91' lang='lat' dir='ltr'>et</span> <span class='ocrx_word' id='word_1_277' title='bbox 893 2218 926 2255; x_wconf 86' lang='lat' dir='ltr'>q.</span> <span class='ocrx_word' id='word_1_278' title='bbox 960 2217 986 2241; x_wconf 86' lang='grc' dir='ltr'>ε.</span> <span class='ocrx_word' id='word_1_279' title='bbox 1052 2203 1119 2241; x_wconf 87' lang='lat' dir='ltr'>sed</span> <span class='ocrx_word' id='word_1_280' title='bbox 1159 2210 1200 2241; x_wconf 89' lang='lat' dir='ltr'>ut</span> <span class='ocrx_word' id='word_1_281' title='bbox 1231 2203 1397 2251; x_wconf 78' lang='lat' dir='ltr'>tandem,</span> <span class='ocrx_word' id='word_1_282' title='bbox 1429 2202 1530 2240; x_wconf 86' lang='lat' dir='ltr'>unde</span> <span class='ocrx_word' id='word_1_283' title='bbox 1561 2201 1728 2251; x_wconf 82' lang='lat' dir='ltr'>degressi</span> 
     </span>
     <span class='ocr_line' id='line_1_31' title="bbox 214 2273 1732 2324; baseline -0.003 -11"><span class='ocrx_word' id='word_1_284' title='bbox 214 2289 353 2322; x_wconf 88' lang='lat' dir='ltr'>sumus,</span> <span class='ocrx_word' id='word_1_285' title='bbox 401 2280 658 2313; x_wconf 80' lang='lat' dir='ltr'>revertamur:</span> <span class='ocrx_word' id='word_1_286' title='bbox 699 2274 803 2321; x_wconf 86' lang='lat' dir='ltr'>ordo,</span> <span class='ocrx_word' id='word_1_287' title='bbox 846 2276 910 2324; x_wconf 82' lang='lat' dir='ltr'>qui</span> <span class='ocrx_word' id='word_1_288' title='bbox 944 2275 1081 2324; x_wconf 80' lang='lat' dir='ltr'>incipit</span> <span class='ocrx_word' id='word_1_289' title='bbox 1113 2288 1135 2310; x_wconf 82' lang='lat' dir='ltr'>a</span> <span class='ocrx_word' id='word_1_290' title='bbox 1166 2273 1293 2311; x_wconf 81' lang='lat' dir='ltr'>verbis</span> <span class='ocrx_word' id='word_1_291' title='bbox 1325 2281 1400 2310; x_wconf 75' lang='lat' dir='ltr'>tum</span> <span class='ocrx_word' id='word_1_292' title='bbox 1431 2277 1551 2310; x_wconf 72' lang='lat' dir='ltr'>semor</span> <span class='ocrx_word' id='word_1_293' title='bbox 1592 2274 1732 2309; x_wconf 75' lang='lat' dir='ltr'>Nautes</span> 
     </span>
     <span class='ocr_line' id='line_1_32' title="bbox 214 2341 1729 2390; baseline -0.003 -7"><span class='ocrx_word' id='word_1_294' title='bbox 214 2347 443 2383; x_wconf 84' lang='lat' dir='ltr'>intermissis</span> <span class='ocrx_word' id='word_1_295' title='bbox 474 2345 562 2381; x_wconf 83' lang='lat' dir='ltr'>aliis</span> <span class='ocrx_word' id='word_1_296' title='bbox 593 2346 793 2382; x_wconf 82' lang='lat' dir='ltr'>sententiis</span> <span class='ocrx_word' id='word_1_297' title='bbox 826 2358 934 2381; x_wconf 85' lang='lat' dir='ltr'>versu</span> <span class='ocrx_word' id='word_1_298' title='bbox 970 2346 1049 2381; x_wconf 69' lang='lat'>708</span> <span class='ocrx_word' id='word_1_299' title='bbox 1083 2357 1157 2380; x_wconf 90' lang='lat' dir='ltr'>non</span> <span class='ocrx_word' id='word_1_300' title='bbox 1200 2345 1456 2390; x_wconf 83' lang='lat' dir='ltr'>continuatur,</span> <span class='ocrx_word' id='word_1_301' title='bbox 1497 2341 1563 2380; x_wconf 89' lang='lat' dir='ltr'>sed</span> <span class='ocrx_word' id='word_1_302' title='bbox 1604 2341 1729 2379; x_wconf 89' lang='lat' dir='ltr'>denuo</span> 
     </span>
    </p>
   </div>
   <div class='ocr_carea' id='block_1_3' title="bbox 216 2416 1211 2466">
    <p class='ocr_par' dir='ltr' id='par_1_3' title="bbox 216 2416 1211 2466">
     <span class='ocr_line' id='line_1_33' title="bbox 216 2416 1211 2466; baseline -0.002 -14"><span class='ocrx_word' id='word_1_303' title='bbox 216 2417 352 2466; x_wconf 83' lang='lat' dir='ltr'>incipit</span> <span class='ocrx_word' id='word_1_304' title='bbox 382 2420 482 2463; x_wconf 70' lang='lat' dir='ltr'>isque</span> <span class='ocrx_word' id='word_1_305' title='bbox 513 2418 569 2452; x_wconf 63' lang='lat' dir='ltr'>lais</span> <span class='ocrx_word' id='word_1_306' title='bbox 600 2418 751 2452; x_wconf 68' lang='lat' dir='ltr'>Aenean</span> <span class='ocrx_word' id='word_1_307' title='bbox 781 2418 916 2451; x_wconf 69' lang='lat' dir='ltr'>solatus</span> <span class='ocrx_word' id='word_1_308' title='bbox 945 2416 1086 2451; x_wconf 64' lang='lat' dir='ltr'>‘vocibus</span> <span class='ocrx_word' id='word_1_309' title='bbox 1116 2417 1211 2459; x_wconf 66' lang='lat' dir='ltr'>infit.</span> 
     </span>
    </p>
   </div>
   <div class='ocr_carea' id='block_1_4' title="bbox 209 2532 1732 2880">
    <p class='ocr_par' dir='ltr' id='par_1_4' title="bbox 209 2532 1732 2880">
     <span class='ocr_line' id='line_1_34' title="bbox 216 2532 1732 2579; baseline -0.001 -8"><span class='ocrx_word' id='word_1_310' title='bbox 216 2542 289 2572; x_wconf 75' lang='lat' dir='ltr'>tum</span> <span class='ocrx_word' id='word_1_311' title='bbox 323 2537 442 2570; x_wconf 73' lang='lat' dir='ltr'>senior</span> <span class='ocrx_word' id='word_1_312' title='bbox 468 2536 639 2570; x_wconf 69' lang='lat' dir='ltr'>Nautes.</span> <span class='ocrx_word' id='word_1_313' title='bbox 673 2563 678 2569; x_wconf 93' lang='lat'><em>.</em></span> <span class='ocrx_word' id='word_1_314' title='bbox 708 2563 713 2569; x_wconf 92' lang='lat'>.</span> <span class='ocrx_word' id='word_1_315' title='bbox 743 2563 749 2569; x_wconf 93' lang='lat'><strong>.</strong></span> <span class='ocrx_word' id='word_1_316' title='bbox 777 2536 863 2569; x_wconf 73' lang='lat' dir='ltr'>haec</span> <span class='ocrx_word' id='word_1_317' title='bbox 900 2546 1073 2579; x_wconf 64' lang='lat' dir='ltr'>responsat</span> <span class='ocrx_word' id='word_1_318' title='bbox 1112 2534 1232 2578; x_wconf 69' lang='lat' dir='ltr'>dabat,</span> <span class='ocrx_word' id='word_1_319' title='bbox 1278 2533 1373 2578; x_wconf 80' lang='lat' dir='ltr'>quod</span> <span class='ocrx_word' id='word_1_320' title='bbox 1399 2533 1496 2568; x_wconf 87' lang='lat' dir='ltr'>nullo</span> <span class='ocrx_word' id='word_1_321' title='bbox 1524 2533 1627 2569; x_wconf 90' lang='lat' dir='ltr'>modo</span> <span class='ocrx_word' id='word_1_322' title='bbox 1655 2532 1732 2569; x_wconf 80' lang='lat' dir='ltr'>fieri</span> 
     </span>
     <span class='ocr_line' id='line_1_35' title="bbox 212 2596 1726 2642; baseline -0.001 -10"><span class='ocrx_word' id='word_1_323' title='bbox 212 2609 319 2642; x_wconf 85' lang='lat' dir='ltr'>posse</span> <span class='ocrx_word' id='word_1_324' title='bbox 346 2609 457 2642; x_wconf 88' lang='lat' dir='ltr'>supra</span> <span class='ocrx_word' id='word_1_325' title='bbox 483 2597 736 2632; x_wconf 60' lang='lat' dir='ltr'>demonstravi.</span> <span class='ocrx_word' id='word_1_326' title='bbox 788 2598 855 2631; x_wconf 78' lang='lat' dir='ltr'>hac</span> <span class='ocrx_word' id='word_1_327' title='bbox 881 2603 978 2631; x_wconf 74' lang='lat' dir='ltr'>recte</span> <span class='ocrx_word' id='word_1_328' title='bbox 1005 2596 1166 2630; x_wconf 80' lang='lat' dir='ltr'>restituit</span> <span class='ocrx_word' id='word_1_329' title='bbox 1194 2596 1399 2630; x_wconf 77' lang='lat' dir='ltr'>Dietschius</span> <span class='ocrx_word' id='word_1_330' title='bbox 1419 2596 1527 2630; x_wconf 78' lang='lat' dir='ltr'>theol.</span> <span class='ocrx_word' id='word_1_331' title='bbox 1548 2596 1655 2640; x_wconf 83' lang='lat' dir='ltr'>Verg.</span> <span class='ocrx_word' id='word_1_332' title='bbox 1672 2599 1726 2631; x_wconf 75' lang='lat'>28.</span> 
     </span>
     <span class='ocr_line' id='line_1_36' title="bbox 312 2655 1732 2701; baseline -0.001 -10"><span class='ocrx_word' id='word_1_333' title='bbox 312 2660 345 2701; x_wconf 84' lang='lat'>1)</span> <span class='ocrx_word' id='word_1_334' title='bbox 373 2657 533 2691; x_wconf 82' lang='lat' dir='ltr'>Gossrau</span> <span class='ocrx_word' id='word_1_335' title='bbox 571 2660 757 2700; x_wconf 79' lang='lat' dir='ltr'>comparat</span> <span class='ocrx_word' id='word_1_336' title='bbox 785 2655 907 2690; x_wconf 78' lang='lat' dir='ltr'>Claud.</span> <span class='ocrx_word' id='word_1_337' title='bbox 936 2655 979 2690; x_wconf 89' lang='lat' dir='ltr'>de</span> <span class='ocrx_word' id='word_1_338' title='bbox 1018 2656 1111 2690; x_wconf 87' lang='lat' dir='ltr'>bello</span> <span class='ocrx_word' id='word_1_339' title='bbox 1149 2656 1227 2690; x_wconf 82' lang='lat' dir='ltr'>Get.</span> <span class='ocrx_word' id='word_1_340' title='bbox 1260 2658 1323 2689; x_wconf 83' lang='lat'>172</span> <span class='ocrx_word' id='word_1_341' title='bbox 1363 2667 1422 2690; x_wconf 79' lang='lat' dir='ltr'>seu</span> <span class='ocrx_word' id='word_1_342' title='bbox 1448 2655 1532 2697; x_wconf 77' lang='lat' dir='ltr'>fata</span> <span class='ocrx_word' id='word_1_343' title='bbox 1557 2656 1732 2691; x_wconf 73' lang='lat' dir='ltr'>vocabant</span> 
     </span>
     <span class='ocr_line' id='line_1_37' title="bbox 215 2716 645 2762; baseline -0.005 -10"><span class='ocrx_word' id='word_1_344' title='bbox 215 2728 277 2752; x_wconf 78' lang='lat' dir='ltr'>seu</span> <span class='ocrx_word' id='word_1_345' title='bbox 300 2717 422 2762; x_wconf 71' lang='lat' dir='ltr'>yravis</span> <span class='ocrx_word' id='word_1_346' title='bbox 448 2717 505 2750; x_wconf 72' lang='lat' dir='ltr'>ira</span> <span class='ocrx_word' id='word_1_347' title='bbox 532 2716 645 2750; x_wconf 68' lang='lat' dir='ltr'>(leam.</span> 
     </span>
     <span class='ocr_line' id='line_1_38' title="bbox 308 2774 1729 2820; baseline 0 -12"><span class='ocrx_word' id='word_1_348' title='bbox 308 2777 344 2820; x_wconf 80' lang='lat'>2)</span> <span class='ocrx_word' id='word_1_349' title='bbox 372 2774 416 2809; x_wconf 86' lang='lat' dir='ltr'>cf.</span> <span class='ocrx_word' id='word_1_350' title='bbox 445 2775 505 2818; x_wconf 68' lang='lat' dir='ltr'>VI,</span> <span class='ocrx_word' id='word_1_351' title='bbox 533 2778 575 2808; x_wconf 60' lang='lat'>32</span> <span class='ocrx_word' id='word_1_352' title='bbox 602 2775 765 2818; x_wconf 65' lang='lat' dir='ltr'>vatisque</span> <span class='ocrx_word' id='word_1_353' title='bbox 788 2776 911 2816; x_wconf 72' lang='lat' dir='ltr'>ferunt</span> <span class='ocrx_word' id='word_1_354' title='bbox 935 2786 1108 2819; x_wconf 71' lang='lat' dir='ltr'>responsa</span> <span class='ocrx_word' id='word_1_355' title='bbox 1130 2786 1196 2819; x_wconf 69' lang='lat' dir='ltr'>per</span> <span class='ocrx_word' id='word_1_356' title='bbox 1231 2787 1354 2810; x_wconf 76' lang='lat' dir='ltr'>aums.</span> <span class='ocrx_word' id='word_1_357' title='bbox 1406 2778 1442 2809; x_wconf 87' lang='lat' dir='ltr'>et</span> <span class='ocrx_word' id='word_1_358' title='bbox 1468 2775 1528 2818; x_wconf 82' lang='lat' dir='ltr'>Vl,</span> <span class='ocrx_word' id='word_1_359' title='bbox 1555 2776 1600 2808; x_wconf 88' lang='grc'>44</span> <span class='ocrx_word' id='word_1_360' title='bbox 1634 2774 1729 2809; x_wconf 79' lang='lat' dir='ltr'>unde</span> 
     </span>
     <span class='ocr_line' id='line_1_39' title="bbox 209 2835 1006 2880; baseline -0.004 -8"><span class='ocrx_word' id='word_1_361' title='bbox 209 2840 322 2872; x_wconf 74' lang='lat' dir='ltr'>ruunt</span> <span class='ocrx_word' id='word_1_362' title='bbox 348 2835 436 2870; x_wconf 78' lang='lat' dir='ltr'>totid</span> <span class='ocrx_word' id='word_1_363' title='bbox 458 2846 487 2869; x_wconf 83' lang='lat' dir='ltr'>m</span> <span class='ocrx_word' id='word_1_364' title='bbox 514 2845 613 2869; x_wconf 72' lang='lat' dir='ltr'>voces</span> <span class='ocrx_word' id='word_1_365' title='bbox 640 2846 811 2878; x_wconf 59' lang='lat' dir='ltr'>responsa</span> <span class='ocrx_word' id='word_1_366' title='bbox 837 2836 1006 2880; x_wconf 73' lang='lat' dir='ltr'>Sibyllae.</span> 
     </span>
    </p>
   </div>
  </div>
 </body>
</html>
