1923 3110
941 130 990 165 59

273 241 346 288 IX,
383 243 459 279 124
1169 250 1369 281 cunctatur
1401 250 1437 282 et
1467 245 1610 282 amnis

494 323 609 348 rauca
639 324 779 349 sonans
808 309 812 364 Ι
839 317 1070 363 revocatque
1099 312 1236 363 pedem
1268 312 1513 351 Tiberinus
1544 313 1592 351 ab
1632 313 1723 353 alto.

242 380 354 426 VIII,
386 383 463 418 481
500 381 599 418 hanc
628 381 768 418 multos
797 381 994 419 florentem
1025 394 1146 419 annos
1174 380 1178 434 Ι
1206 395 1284 420 rex
1317 382 1455 421 deinde
1486 383 1650 434 superbo

495 451 654 501 imperio
685 456 721 488 et
753 453 879 488 saevis
911 453 1032 488 tenuit
1063 451 1316 489 Mezentius
1348 454 1473 490 armis.

271 520 344 566 IX,
379 521 458 558 659
492 518 713 569 adgnovere
743 519 855 558 deum
887 533 1090 571 proceres
1120 519 1124 572 l
1153 520 1360 573 divinaque
1392 522 1467 559 tela

495 588 784 627 Dardanidae
816 590 1111 641 pharetramque
1142 592 1232 640 tuga
1264 603 1414 629 sensere
1445 598 1651 630 sonantem.

269 659 338 705 VI,
372 660 452 696 473
807 661 975 697 coniunx
1009 659 1071 697 ubi
1106 662 1323 710 pristinus
1355 661 1410 698 illi

491 728 696 779 respondet
727 731 826 766 curis
857 736 1070 781 aequatque
1103 731 1332 781 Sychaeus
1365 744 1543 769 amorem.

179 796 344 849 'ubique
375 804 501 836 autem
533 804 683 849 praeter
714 799 785 838 IX.
820 801 913 845 (559,
946 812 1022 850 quo
1054 799 1137 837 loeo
1183 799 1414 839 adiectivum
1446 801 1715 839 retrahendum

203 869 241 904 in
272 869 383 905 initio
415 881 547 904 versus
578 867 908 919 deprehendimus,
951 868 1069 906 altera
1111 883 1199 920 pars
1231 870 1389 908 subiecti
1423 876 1525 921 post
1556 871 1716 908 alterum

201 937 358 974 verbum
405 939 567 988 positum
612 945 687 983 est,
733 952 807 988 quo
839 940 985 989 speeies
1016 939 1160 988 figurae
1194 941 1235 977 fit
1265 943 1298 977 ei
1331 941 1475 978 formae
1507 940 1714 987 simillima,

202 1008 309 1044 euius
340 1007 555 1058 exemplum
587 1020 703 1058 supra
735 1008 1016 1059 explicavimus
1047 1023 1175 1059 georg.
1210 1024 1243 1046 v.
1280 1010 1349 1050 ΙΙΙ,
1384 1013 1446 1047 87.

319 1077 400 1114 lam
444 1090 626 1128 quaeres,
675 1091 770 1129 quae
811 1083 917 1115 tanta
962 1079 1059 1116 mole
1092 1079 1260 1117 locorum
1293 1087 1423 1117 coacta
1456 1080 1548 1117 mihi
1583 1079 1718 1118 videar

201 1147 379 1185 effecisse.
441 1149 606 1197 primum
639 1148 845 1185 verisimile
877 1148 930 1194 fit,
962 1162 1046 1185 vum
1079 1149 1180 1199 apud
1223 1151 1361 1200 prioris
1403 1152 1539 1188 aetatis
1585 1156 1718 1200 poetas

201 1215 334 1254 eadem
366 1216 511 1266 figurae
542 1216 662 1254 forma
694 1231 849 1268 perraro
885 1217 1162 1270 inveniaturQ),
1209 1221 1279 1256 nisi
1323 1219 1425 1270 quod
1471 1233 1583 1270 saepe
1626 1219 1718 1257 sub·

199 1288 338 1324 ieotum
369 1298 417 1324 ex
448 1288 650 1324 sententiis
678 1287 912 1325 secundariis
944 1288 1215 1326 retrahendum
1248 1296 1315 1334 est,
1360 1290 1576 1339 Vergilium
1618 1292 1719 1328 inter

199 1357 342 1407 primos
373 1368 455 1393 eam
488 1356 668 1403 coluisse,
717 1357 918 1395 Lucretius
950 1360 1049 1395 enim
1081 1358 1240 1396 subiecti
1276 1358 1492 1397 retrahendi
1528 1373 1612 1397 eam
1644 1361 1717 1397 for-

198 1439 309 1472 mam,
341 1439 417 1477 qua
449 1426 715 1464 attributivum
747 1426 903 1478 aliquod
938 1429 977 1464 in
1010 1430 1136 1479 priore
1166 1435 1275 1480 parte
1316 1431 1591 1480 praemittatur,
1639 1443 1716 1467 om-

199 1498 289 1533 nino
335 1509 413 1533 non
458 1495 584 1533 habet.
656 1498 878 1546 posterioris
921 1503 1047 1535 autem
1099 1501 1282 1549 temporis
1334 1507 1468 1550 poetas
1519 1498 1715 1544 Ovidium,

198 1565 408 1611 Valerium,
454 1565 618 1603 Statium
660 1568 740 1604 eius
781 1569 932 1617 generis
965 1567 1084 1604 multa
1117 1569 1293 1619 exempla
1326 1569 1464 1607 habere
1494 1583 1571 1607 non
1601 1571 1715 1607 mira-

196 1634 306 1673 beris.
368 1647 388 1673 e
419 1634 558 1686 quibus
589 1636 750 1685 singulis
783 1642 891 1674 terna
923 1637 1096 1688 exempla
1130 1637 1281 1682 addam,
1328 1645 1369 1676 ut
1409 1638 1542 1677 videas
1581 1652 1711 1677 eorum

201 1706 385 1742 rationem
417 1705 579 1743 similem
613 1718 702 1743 esse.

254 1774 324 1813 Ov.
340 1780 426 1813 met.
447 1775 515 1822 Vl,
553 1776 628 1812 189
1026 1776 1144 1815 donec
1177 1768 1623 1828 miserata*vagantem

482 1844 645 1896 ‘hospita
676 1850 717 1881 tu
750 1847 860 1882 terris
892 1859 1005 1890 erras,
1038 1847 1119 1895 ego*
1152 1846 1253 1884 (lixit
1285 1850 1334 1885 ‘in
1368 1848 1492 1885 undis*

482 1914 778 1965 instabilemque
808 1915 935 1952 locum
964 1916 968 1966 Ι
997 1916 1135 1953 Delos
1167 1916 1282 1955 dedit.

270 1982 339 2030 VI,
374 1984 446 2020 231
710 1984 828 2021 veluti
862 1998 945 2022 eum
978 1988 1213 2036 praescius
1243 1986 1394 2025 imbris

481 2053 580 2091 nube
611 2053 709 2103 fugit
741 2056 824 2091 visa
856 2053 1138 2106 pendentiaque
1171 2055 1340 2108 undique
1370 2063 1518 2095 rector

485 2123 643 2160 carbasa
677 2122 841 2161 deducit.

223 2192 335 2238 XIV,
370 2194 457 2229 7³¹1-
940 2208 1050 2232 unam
1082 2200 1209 2233 tamen
1241 2198 1357 2247 ipsa
1389 2197 1543 2235 reclusit

483 2275 551 2300 nee
583 2265 782 2313 strepitum
814 2276 921 2301 verso
949 2271 953 2313 Ι
982 2264 1231 2302 Saturnia
1263 2265 1420 2304 cardine
1450 2266 1548 2304 feeit.

190 2331 309 2368 multo
338 2332 571 2383 frequentior
602 2335 714 2370 etiam
756 2338 812 2370 est
852 2346 898 2370 ea
936 2334 1058 2384 figura
1101 2335 1201 2385 apud
1236 2336 1488 2383 Valerium,
1536 2350 1583 2374 ex
1630 2350 1703 2388 quo

193 2400 288 2438 haec
319 2402 393 2438 tria
424 2401 599 2452 exempla
631 2401 832 2441 adscribo:

192 2481 337 2531 Argon.
372 2482 401 2528 I,
438 2485 512 2520 111
1147 2499 1241 2537 quos
1273 2485 1416 2524 talibus
1447 2499 1592 2525 amens

529 2553 742 2603 insequitur
772 2553 982 2605 solitosque
1012 2561 1128 2593 novat
1156 2554 1160 2608 Ι
1189 2556 1401 2593 Saturnia
1432 2562 1598 2608 questus.

326 2619 399 2663 ΙΙΙ,
435 2622 484 2656 10
798 2625 940 2673 primas
972 2626 1165 2662 coniunx
1198 2625 1406 2663 Percosia
1438 2632 1561 2664 vestes

531 2703 624 2740 quas
655 2690 772 2728 dabat
804 2698 841 2729 et
872 2695 975 2743 picto
1004 2697 1008 2743 Ι
1037 2693 1154 2732 Clite
1195 2697 1411 2734 variaverat
1451 2710 1551 2734 auro.

282 2819 317 2865 l)
345 2817 422 2853 vide
449 2829 540 2864 quae
567 2819 640 2854 Leo
667 2821 846 2864 congessit
872 2821 893 2855 l.
921 2833 946 2856 s.
975 2833 1008 2868 p.
1038 2824 1080 2857 23
1108 2833 1160 2867 sq.
1187 2827 1223 2857 et
1250 2826 1304 2859 21.
