1923 3110
960 96 1009 136 39

342 212 452 258 VIII,
486 214 566 250 384
749 214 903 263 iamque
933 213 1002 249 hos
1034 212 1210 262 clipeum,
1242 216 1318 252 iam
1343 217 1459 253 vertit
1490 215 1549 253 ad
1582 216 1676 254 illos.

379 281 452 324 IX,
486 283 563 319 801
599 294 675 319 non
697 281 784 319 tulit
804 281 1000 332 Amphion
1022 281 1248 334 vultumque
1270 289 1306 321 et
1338 285 1385 321 in
1418 298 1486 322 ora
1517 285 1707 337 loquentis

601 351 718 389 telum
748 353 913 389 immane
943 356 1052 388 rotat.

226 430 262 461 et
303 421 570 471 Vergilianum
609 419 706 458 illud
753 424 888 458 medias
932 425 1025 458 acies
1071 425 1274 470 mediosque
1311 438 1378 469 per
1420 428 1518 470 ifflzves
1559 422 1735 469 vidimus,

229 490 420 544 quomodo
450 493 490 528 in
521 504 631 528 suum
662 504 770 528 usum
803 492 960 528 verterit
992 490 1042 534 X,
1077 492 1178 528 714:

432 575 457 619 i,
490 572 645 609 Danaas
677 573 777 609 acies
810 570 1031 623 mediosque
1062 585 1129 623 per
1160 572 1296 610 obvius
1328 585 1446 612 enses,

225 656 445 694 Sententiae
494 655 611 703 igitur
661 652 782 690 forma
833 653 1054 704 anaphorae
1104 655 1202 692 inter
1251 666 1291 691 se
1351 655 1577 692 coniunctae
1628 656 1739 694 facile

227 726 388 774 figuram
421 720 500 762 ἀπὸ
530 727 660 762 κοινοῦ
692 724 914 773 patiuntur3
947 722 1011 760 sed
1045 725 1249 774 quaeritur,
1281 737 1371 761 num
1402 725 1518 761 etiam
1542 726 1580 761 in
1603 727 1738 762 ceteris

188 791 192 794 .
225 811 301 835 non
350 797 483 848 paucis
529 797 609 833 eius
654 794 757 846 apud
800 795 1013 845 Vergilium
1055 796 1242 847 exemplis
1287 802 1389 834 certa
1441 797 1536 833 ratio
1589 796 1735 834 ostendi

225 868 353 918 possit.
415 870 529 916 atquc
569 866 607 901 iu
659 866 782 915 capite
830 865 844 901 Ῐ
891 864 1069 909 vidimus
1115 871 1349 917 quantopere
1393 865 1586 915 Vergilius
1630 872 1740 913 amet,

225 948 322 987 quae
366 949 442 972 uua
480 935 633 972 notione
673 935 748 971 ium
791 934 904 985 plane
935 937 1172 986 expresserit,
1217 935 1338 974 altera
1370 934 1519 973 adiecta
1552 948 1737 973 exornare

224 1005 287 1044 vel
318 1003 543 1052 describere,
574 1010 616 1041 ut
646 1003 745 1042 duae
775 1005 950 1042 notiones
981 1007 1087 1055 quasi
1122 1007 1160 1042 in
1193 1019 1306 1042 unam
1337 1004 1630 1043 confundendae
1653 1007 1737 1043 sint.

225 1074 317 1127 quid
350 1076 467 1125 igitur
497 1075 642 1120 mirum,
687 1073 786 1125 quod
819 1075 858 1110 in
891 1074 957 1111 tali
991 1076 1265 1126 compositione
1297 1075 1500 1112 verborum
1532 1088 1645 1126 saepe
1687 1076 1740 1123 fit,

229 1151 270 1182 ut
316 1144 474 1182 verbum
514 1142 669 1194 aliquod
713 1143 760 1180 ad
809 1143 884 1180 duo
927 1146 1081 1181 nomina
1126 1146 1319 1195 pertinens
1351 1145 1458 1182 alteri
1492 1144 1642 1182 demum
1676 1144 1741 1182 ad-

227 1216 366 1253 iectum
398 1214 481 1251 sit?
541 1214 593 1250 ita
626 1212 780 1264 quidem
813 1213 929 1251 verba
961 1215 1060 1251 inter
1090 1227 1130 1252 se
1162 1216 1339 1268 conexuit
1376 1215 1472 1252 Aen.
1506 1214 1551 1256 V,
1586 1217 1691 1252 410:

434 1281 522 1334 quid
556 1284 586 1320 si
619 1284 705 1334 quis
736 1287 884 1320 caestus
915 1284 1036 1334 ipsius
1068 1290 1106 1321 et
1136 1283 1315 1322 Herculis
1347 1296 1452 1320 arma

432 1351 619 1389 vidisset?

227 1423 292 1461 ubi
326 1423 483 1460 Servius
515 1427 694 1459 annotat:
726 1422 855 1459 ‘arma’
888 1426 926 1459 id
956 1429 1004 1459 est
1037 1422 1215 1468 ‘caestus-'3
1248 1430 1283 1460 et
1306 1425 1535 1474 epexegesin
1560 1425 1596 1460 in
1619 1423 1741 1461 altera

230 1499 338 1545 parte
368 1491 526 1542 adiungi
559 1491 685 1530 dicere
715 1491 806 1530 licet

342 1576 395 1623 II,
428 1577 508 1612 412
684 1606 688 1611 Δ
1051 1577 1247 1628 oriturque
1278 1578 1489 1615 miserrima
1521 1577 1656 1616 caedes

577 1658 767 1682 armorum
800 1645 895 1683 facio
927 1651 964 1683 et
995 1644 1126 1683 Grai
1146 1660 1290 1684 arum
1323 1660 1447 1684 errore
1478 1647 1664 1684 iubarum.

230 1741 337 1774 nam,
381 1725 481 1778 quod
515 1729 637 1764 caedes
668 1740 852 1764 armorum
884 1732 978 1774 facie
1009 1733 1128 1765 oritur
1159 1729 1222 1764 vix
1256 1727 1331 1765 dici
1352 1734 1508 1779 potest,
1555 1741 1654 1779 quae
1693 1731 1745 1766 sit

227 1810 306 1839 res,
352 1796 594 1834 manifestum
640 1796 681 1833 fit
727 1796 854 1833 verbis
892 1796 1035 1833 additis
1078 1805 1107 1833 et
1148 1800 1350 1835 Graiarum
1395 1812 1516 1835 errore
1557 1802 1741 1846 mbae-um,

232 1867 376 1904 scilicet
408 1865 543 1903 caedes
575 1867 695 1902 oritur
725 1879 860 1907 errore,
899 1880 1007 1917 quem
1049 1866 1165 1904 facies
1206 1881 1393 1904 armorum
1428 1866 1665 1917 (Graiorum)
1708 1875 1746 1906 et

231 1936 406 1974 iubarum
437 1935 640 1973 Graiarum
673 1942 812 1974 monet.
874 1948 998 1987 neque
1029 1938 1068 1973 in
1101 1950 1216 1974 unum
1249 1937 1518 1988 comprehendi
1550 1944 1744 1989 nequeunt

231 2004 350 2043 verba
382 2009 517 2053 yemitu
549 2011 657 2052 atque
688 2008 748 2042 ‘ira
780 2005 831 2052 ΙΙ,
866 2008 970 2043 413;

460 2079 541 2111 tum
572 2074 700 2111 Danai
732 2076 877 2124 gemitu
908 2081 1023 2126 atque
1053 2081 1207 2127 ereptae
1238 2077 1400 2126 virginis
1430 2078 1487 2114 ira

463 2142 631 2194 undique
662 2143 809 2181 collecti
842 2143 1043 2182 invadunt.

226 2214 436 2265 simplicius
467 2213 526 2250 his
555 2212 708 2250 locutus
740 2218 820 2251 est:

343 2297 420 2340 XI,
455 2299 504 2334 15
653 2297 747 2335 haec
778 2304 865 2335 sunt
897 2297 1022 2349 spolia
1053 2304 1088 2335 et
1121 2297 1174 2336 cle
1206 2311 1323 2349 rege
1353 2299 1580 2350 superbo

564 2368 767 2418 primitiae.

345 2435 418 2479 XI,
452 2437 534 2474 790
813 2450 889 2474 non
921 2439 1080 2475 exuvias
1110 2438 1365 2489 pulsaeve
1396 2444 1593 2489 tropaeum

564 2507 797 2556 virginis
829 2512 894 2544 aut
925 2507 1051 2558 spolia
1080 2506 1160 2544 ulla
1189 2513 1289 2558 peto.

345 2575 417 2622 XI,
450 2576 528 2612 477
564 2588 635 2613 nec
663 2589 740 2613 non
771 2575 819 2612 ad
853 2576 1036 2627 templum
1067 2590 1312 2628 summasque
1335 2576 1383 2614 ad
1406 2576 1608 2614 Palladis
1639 2591 1744 2616 arces

569 2644 804 2682 subvehitur.

330 2713 420 2756 VII,
455 2714 530 2750 701
746 2721 854 2750 sonat
886 2715 1009 2750 amnis
1041 2720 1077 2751 et
1108 2714 1219 2751 Asia
1248 2715 1361 2766 longe

568 2780 679 2837 pulsa
710 2781 829 2834 palus.
