1923 3110
935 133 990 177 34.

199 242 261 282 ubi
297 249 448 295 praeter
479 243 637 281 verbum
671 246 783 282 etiam
818 247 1022 298 vocativus
1055 250 1171 284 'rw-m:
1199 247 1306 284 alteri
1332 246 1482 285 demum
1506 251 1716 287 sententiae

201 313 373 351 adiectus
405 319 473 352 cst.

316 382 386 430 VI,
421 384 502 420 (570
740 397 837 435 quae
869 388 975 434 regio
1011 385 1220 432 Anchisen,
1252 388 1340 436 quis
1371 386 1486 424 habet
1518 388 1634 435 locus,

296 452 384 499 VII,
418 454 470 490 38
533 465 636 490 nunc
667 466 749 503 age,
782 456 847 505 qui
871 467 989 504 reges,
1017 455 1148 501 Erato,
1180 467 1277 506 quae
1308 461 1482 506 tempora
1506 469 1630 494 rerum

542 524 627 574 quis
660 523 772 562 Latio
804 526 962 575 antiquo
994 525 1107 562 tuerit
1139 530 1274 562 status.

199 594 431 632 rhetoricum
463 594 563 632 hunc
594 595 739 645 figurae
771 609 880 633 usum
912 595 1006 642 dixi,
1049 595 1151 647 quod
1183 597 1472 647 pronominibus
1503 600 1718 653 interroga7

198 665 288 701 tivis
334 665 505 715 repetitis
547 667 606 702 vis
653 665 842 716 quaedam
886 667 1008 703 maior
1038 668 1330 717 interrogationi
1364 667 1528 706 additur.
1590 669 1717 707 simile

202 733 386 785 quiddam
419 736 644 786 repetitione
676 735 886 785 particulae
918 736 1139 787 temporalis
1170 736 1213 774 fit
1246 736 1340 774 Aen
1376 738 1447 778 IX,
1486 741 1533 775 12

485 818 581 841 nunc
614 810 763 855 tempus
796 819 925 856 equos,
958 819 1058 843 nunc
1091 819 1247 857 poscere
1280 821 1410 844 currus
1434 807 1468 858 ²).

201 873 260 911 vel
292 874 504 924 particulae
537 876 742 923 negativae
774 880 814 912 ut
847 875 942 913 Aen.
976 875 1089 921 VIII,
1125 878 1204 913 29⁸

518 957 588 981 nec
620 950 655 981 te
686 944 788 982 ullae
819 944 949 989 facies,
981 959 1057 983 non
1089 948 1223 983 terruit
1255 948 1336 997 ipse
1367 946 1591 997 Typhoeus.

290 1013 337 1059 V,
372 1015 451 1051 753
515 1027 629 1064 quani
660 1028 732 1051 nec
764 1015 877 1064 longa
910 1014 993 1053 dies
1025 1017 1147 1066 pietas
1178 1029 1247 1053 nec
1278 1017 1432 1065 mitigat
1461 1016 1550 1053 ulla.

244 1080 336 1132 VII,
372 1084 451 1120 692
516 1096 627 1134 quem
660 1097 784 1135 neque
814 1084 872 1122 fas
903 1087 985 1135 igni
1019 1088 1194 1137 cuiquam
1226 1099 1297 1123 nec
1327 1092 1495 1123 sternere
1525 1085 1634 1124 ferro.

200 1157 236 1188 et
268 1164 353 1189 cum
386 1152 501 1190 verbo
533 1167 741 1204 pronomen
773 1153 1117 1193 demonstrativum
1150 1155 1418 1193 retrahendum
1451 1162 1507 1193 est
1540 1155 1585 1201 V,
1621 1157 1721 1194 646:

467 1236 545 1260 non
575 1223 697 1261 Beroe
729 1223 850 1271 vobis,
883 1238 959 1262 non
991 1225 1085 1262 haec
1116 1225 1315 1271 Rhoeteia,
1348 1231 1499 1270 matres,

466 1299 524 1330 est
553 1293 717 1344 Dorycli
749 1296 928 1332 coniunx.

204 1374 340 1399 nomen
373 1363 569 1400 numerale
601 1365 805 1414 repetitum
836 1370 894 1402 est
925 1364 1017 1411 VII,
1052 1365 1157 1402 538:

467 1437 636 1486 quinque
667 1449 802 1486 greges
833 1436 890 1474 illi
924 1436 1136 1484 balantum,
1168 1438 1285 1487 quina
1315 1436 1494 1475 redibant

469 1511 648 1543 armenta.

206 1573 346 1625 quibus
377 1574 554 1612 omnibus
586 1575 680 1612 locis
711 1588 789 1613 vox
820 1577 995 1626 repetita,
1038 1578 1119 1613 sive
1160 1577 1438 1626 interrogativa
1470 1578 1552 1615 sive
1582 1583 1726 1628 tempo·

202 1646 295 1684 ralis
337 1648 419 1684 sive
460 1649 643 1697 negativa
686 1654 753 1693 est,
801 1648 998 1686 fortiorem
1039 1661 1174 1686 sonum
1221 1650 1371 1699 accipit.
1433 1651 1608 1700 repetitio
1651 1663 1725 1687 non

205 1715 365 1754 eandem
397 1719 475 1754 vim
507 1717 622 1755 habet
652 1717 758 1765 locis,
793 1720 856 1769 qui
889 1724 1016 1755 tamen
1050 1720 1262 1770 comparari
1293 1725 1472 1769 possunt:

291 1786 365 1833 IX,
398 1785 480 1826 702

344 1862 425 1894 tum
446 1857 642 1908 Meropem
665 1863 780 1909 atque
805 1857 1018 1909 Erymanta
1040 1872 1166 1906 mann,
1188 1865 1267 1896 tum
1291 1860 1425 1896 sternit
1448 1858 1696 1909 Aphidnu1n3

210 1929 433 1978 pronomine
464 1928 626 1965 relativo
656 1930 820 1966 iterato:

297 1997 408 2043 VIII,
442 1999 523 2035 434
585 1998 724 2049 quibus
758 1998 856 2049 (scil.
880 2000 988 2049 rotis)
1018 1999 1083 2036 ille
1115 2001 1228 2042 viros,
1261 1998 1401 2050 quibus
1433 2001 1577 2037 excitat
1605 1999 1729 2038 nrbes.

357 2067 408 2110 X,
445 2069 521 2104 167
951 2071 1016 2119 qui
1047 2071 1196 2107 moenia
1229 2068 1335 2106 Clusi

563 2139 703 2188 quique
736 2137 867 2175 urbem
900 2139 1046 2189 liquere
1079 2138 1209 2176 Cosas.

207 2206 342 2244 horum
375 2214 502 2246 autem
534 2209 701 2245 omnium
735 2221 818 2245 cum
851 2221 1051 2247 commune
1082 2210 1131 2246 sit
1162 2214 1204 2246 ut
1235 2208 1394 2246 verbum
1425 2208 1575 2246 finitum
1612 2214 1729 2246 retra-

208 2276 376 2314 hendum
408 2279 468 2324 sit,
507 2280 706 2329 perpaucis
747 2278 839 2315 locis
872 2292 1006 2316 nomen
1042 2293 1078 2318 α.
1112 2291 1146 2317 κ.
1178 2280 1348 2331 positum
1379 2292 1463 2316 cum
1496 2278 1611 2316 simili
1643 2291 1730 2315 ana·

208 2346 351 2397 phorae
382 2349 507 2398 specie.
539 2349 784 2385 coniunctum
817 2354 884 2385 est.
948 2348 1021 2385 huc
1053 2349 1203 2386 trahere
1235 2349 1324 2386 licet
1354 2348 1405 2395 X,
1441 2350 1517 2385 51:

310 2538 342 2579 ll)
371 2547 633 2580 nonnumquam
663 2538 819 2579 verbum,
862 2537 905 2571 de
933 2549 1000 2581 quo
1029 2538 1098 2573 duo
1125 2538 1291 2573 infinitivi
1319 2539 1496 2583 pendent,
1539 2538 1645 2574 alteri
1671 2538 1731 2574 ad-

213 2594 343 2629 iectum
382 2601 446 2630 est.
500 2596 544 2630 vf.
574 2597 633 2640 YI,
664 2599 738 2631 147.
767 2597 844 2639 Vll,
882 2600 956 2631 1:26.
988 2598 1010 2641 Ι,
1039 2601 1092 2631 (33.
1125 2599 1164 2639 V,
1193 2600 1236 2631 26
1265 2598 1433 2641 locosque
1472 2598 1563 2632 alios
1590 2598 1732 2640 multos,

210 2665 229 2688 e
256 2654 384 2698 quibus
412 2655 478 2688 huc
507 2656 711 2690 afferendus
739 2661 793 2689 est
822 2669 848 2689 v.
878 2657 929 2699 X,
957 2660 1024 2691 888
1053 2657 1135 2691 inde
1163 2658 1223 2691 ubi
1248 2661 1296 2691 tot
1324 2657 1479 2691 traxisse
1503 2667 1645 2699 moras,
1684 2661 1733 2691 tot

210 2714 351 2759 spicula
380 2714 492 2748 taedet
520 2716 652 2758 vellere,
683 2744 687 2749 .
718 2743 723 2749 .
755 2744 760 2749 .
791 2744 795 2750 .
827 2715 924 2750 aliud
952 2720 1016 2759 est,
1060 2721 1098 2750 ut
1126 2716 1322 2751 infinitivus
1349 2716 1394 2751 ad
1421 2716 1490 2751 duo
1518 2716 1628 2751 verba
1654 2726 1732 2760 per-

210 2773 328 2806 tinens
357 2773 463 2806 altori
509 2775 696 2817 appositus
737 2775 801 2815 sit,
843 2775 942 2809 vuius
975 2776 1028 2809 rei
1055 2776 1218 2819 exempla
1246 2775 1421 2818 quaedam
1450 2774 1629 2819 congessit
1658 2774 1731 2808 Leo

213 2832 235 2866 l.
265 2832 284 2866 l.
316 2844 345 2876 p.
378 2836 456 2874 3:56,
485 2832 563 2866 adn.
593 2836 622 2867 2.
