1923 3110
916 143 967 180 49

300 256 374 301 ΙΙΙ,
415 258 488 292 1⁴25
553 268 660 306 quein
696 255 822 304 legere
853 255 985 292 (lucem
1019 261 1055 292 et
1088 259 1250 305 pecori
1285 257 1415 295 dixere
1446 259 1634 305 maritum,

184 323 380 361 ablativus
411 324 480 370 IV,
515 326 566 361 ‘225

1167 383 1197 418 si
1229 382 1327 420 forte
1356 391 1547 422 morantes

410 452 593 501 sparserit
623 457 690 487 aut
720 463 900 501 praeceps
931 449 1164 500 Neptuno
1197 454 1368 489 merserit
1400 452 1536 491 Eurus.

131 521 137 525 ’
181 525 218 557 et
306 519 374 567 IV,
408 523 488 557 510
549 520 777 557 mulcentem
809 521 919 569 tigris
952 526 986 556 et
1021 527 1195 569 agentem
1230 523 1436 559 carmine
1470 536 1637 573 quercus.

294 590 431 627 'Palem
479 590 623 639 figurae
666 603 773 626 usum
806 591 895 627 item
939 589 1041 640 apud
1075 590 1342 628 Lucretium
1387 593 1550 629 inveniri
1599 593 1694 629 nihil

179 666 235 698 est
277 658 378 710 quod
417 661 590 705 mireris,
638 673 721 696 cum
768 666 867 697 amet
911 659 1027 696 verba
1068 660 1174 697 finita
1207 661 1314 711 plura
1347 662 1584 709 coniungere.
1646 661 1695 698 ad

178 742 306 779 georg.
341 729 370 771 Ι,
406 732 449 765 01
490 729 602 779 plane
634 728 798 780 quadrat
832 729 941 766 Lucr.
975 729 1026 770 ΙΙ,
1061 731 1140 766 ss?

176 800 180 804 ”
530 798 628 849 quod
664 805 786 835 movet
822 806 859 836 et
892 801 1047 836 varios
1079 813 1240 837 sensus
1273 812 1495 849 expromere.
1526 802 1638 849 cogit.

177 874 214 906 et
283 868 349 914 VL
386 870 490 905 1049
1032 871 1137 919 prius
1169 875 1296 906 aestus
1329 869 1392 906 ubi
1425 872 1522 907 aeris

519 940 714 989 praecepit
746 939 950 990 ferrique
982 941 1081 975 vias
1120 938 1285 990 possedit
1326 944 1522 988 apertas.

175 1021 460 1059 nonnumquam
494 1010 598 1045 notio
629 1008 863 1046 adverbialis
896 1008 932 1047 ἁ..
967 1022 1004 1047 κ.
1039 1011 1163 1059 posita
1194 1016 1261 1053 ost,
1287 1015 1325 1046 ut

201 1078 398 1124 Lucr.lll⁷
426 1080 501 1115 189
564 1092 727 1129 namquo
750 1087 924 1116 movetur
945 1093 1042 1129 aqna
1066 1087 1100 1115 ot
1130 1080 1319 1116 tantillo
1352 1082 1548 1118 momine
1570 1081 1690 1124 flutat,

351 1148 403 1196 II,
430 1150 534 1186 1135
569 1148 679 1198 plura
711 1148 823 1186 modo
855 1148 1043 1199 dispargit
1076 1156 1111 1187 et
1144 1150 1197 1186 al)
1237 1162 1283 1187 se
1315 1163 1473 1200 corpora
1506 1152 1631 1188 mittit.

171 1217 238 1255 ubi
268 1224 463 1268 praeterea
495 1217 697 1262 obiectum,
742 1217 840 1268 quod
882 1231 926 1255 ex
961 1218 1151 1256 adiectivo
1185 1227 1219 1256 et
1253 1219 1496 1257 substantivo
1528 1227 1690 1269 constat,

171 1289 271 1325 inter
313 1286 388 1324 duo
429 1287 496 1324 illa
535 1287 651 1324 verba
697 1287 863 1325 divisum
906 1296 971 1325 est.
1035 1289 1156 1326 locum
1199 1288 1337 1326 addam
1371 1289 1687 1340 simpliciorem¹)

171 1355 342 1395 ordinem
374 1357 575 1395 habentem
610 1357 676 1403 IV,
711 1359 789 1394 934

458 1426 608 1464 tundier
638 1433 752 1478 atque
783 1429 885 1465 eius
918 1428 1078 1465 crebro
1111 1428 1297 1479 pulsarier
1327 1431 1434 1467 ictu.

170 1509 294 1547 neque
325 1496 461 1534 desunt
492 1497 588 1543 loci,
631 1496 768 1547 quibus
799 1496 874 1534 (luo
905 1497 1045 1542 verba,
1093 1497 1140 1535 ad
1174 1512 1271 1549 quae
1303 1512 1378 1536 vox
1412 1497 1450 1538 ἀ.
1482 1512 1520 1540 κ.
1560 1503 1686 1551 posita

168 1567 343 1616 pertinet,
375 1580 449 1603 non
482 1566 559 1604 fere
591 1565 704 1607 idem,
736 1566 800 1604 sed
835 1566 988 1606 diversa
1022 1569 1239 1617 significent
1272 1568 1377 1605 velut

254 1636 365 1673 Lucr.
381 1636 432 1676 ΙΙ,
456 1639 560 1673 1000
584 1643 619 1674 et
642 1639 796 1688 capiant
813 1650 946 1674 sensus
967 1645 1001 1675 et
1035 1644 1183 1689 punct
1199 1652 1219 1674 o
1245 1645 1377 1688 temp
1392 1652 1412 1675 o
1429 1652 1478 1676 re
1501 1638 1677 1679 reddant.

167 1707 231 1756 qui
273 1718 406 1743 versus
445 1708 573 1744 nescio
619 1720 667 1743 an
707 1708 901 1757 superiore
941 1707 1022 1744 loco
1054 1706 1270 1745 afferendus
1301 1707 1427 1758 fuerit,
1469 1721 1554 1746 cum
1585 1722 1670 1759 par-

164 1774 282 1812 ticula
313 1776 534 1826 copulativa
564 1783 595 1813 et
628 1778 787 1827 repetita
818 1778 982 1827 speciem
1015 1777 1233 1828 anapliorae
1267 1777 1456 1814 exhibeat.
1502 1777 1568 1815 sed
1600 1778 1672 1815 huc

125 1886 128 1890 ¹
165 1844 401 1883 referendum
436 1858 515 1883 esse
547 1852 704 1897 apparet
741 1846 790 1889 ΙΙ,
828 1849 934 1883 1012

504 1921 541 1953 et
572 1915 761 1953 interdum
794 1918 897 1953 nasei
931 1915 1171 1967 subitoque
1202 1917 1334 1967 perire.

162 1986 238 2023 huc
268 1987 383 2024 etiam
414 1986 551 2023 referre
584 1986 673 2024 licet
703 1985 845 2032 locum,
891 1987 956 2036 qui
989 1985 1194 2023 dictionem
1232 1986 1402 2035 Vergilio
1434 1987 1472 2024 in
1507 1986 1678 2025 Aeneide

163 2068 276 2107 saepe
306 2057 488 2093 usitatam
518 2069 616 2092 unus
646 2057 802 2106 propius
834 2054 1013 2093 accedere
1044 2055 1135 2092 mihi
1169 2054 1342 2093 videtur:

285 2125 337 2170 ΙΙ,
372 2126 421 2162 55
455 2138 542 2162 nam
574 2125 693 2162 veluti
724 2127 830 2176 pueri
864 2124 1057 2176 trepidant
1088 2131 1203 2176 atque
1235 2127 1361 2162 omnia
1394 2128 1539 2163 caeci
1559 2140 1575 2163 s

434 2197 495 2233 ,in
526 2194 759 2233 tenebris
790 2201 973 2241 metuunt,
1006 2197 1058 2232 sic
1090 2208 1158 2232 nos
1190 2196 1229 2231 in
1262 2195 1343 2232 luce
1374 2197 1549 2233 timemus

449 2264 654 2312 interdum,

158 2349 246 2373 nam
278 2335 394 2374 verba
424 2341 534 2374 caecis
563 2340 603 2373 <in
635 2337 788 2372 tenebris
819 2333 866 2371 ad
899 2337 1084 2382 trepidant
1114 2348 1190 2373 non
1223 2334 1354 2373 referri
1385 2341 1589 2387 nequeunt,
1630 2341 1670 2372 ut

158 2407 187 2443 si
219 2404 385 2456 pedestri
418 2418 589 2443 sermone
621 2410 812 2442 vertamus
851 2403 1055 2442 dicendum
1096 2407 1169 2442 sit:
1218 2418 1307 2442 narn
1337 2405 1456 2442 veluti
1489 2406 1595 2455 pueri
1627 2406 1667 2441 in

160 2474 327 2513 tenebris
356 2474 549 2526 trepidant
581 2476 707 2512 omnia
737 2480 948 2512 metuentes
967 2471 1008 2523 2).

250 2641 284 2684 1)
311 2639 563 2682 simpliciorem
590 2651 667 2674 esse
695 2638 855 2675 ordinem
890 2639 992 2682 dico,
1029 2639 1198 2682 quoniam
1232 2638 1410 2674 ablativus
1444 2640 1518 2674 ictu
1556 2639 1663 2674 alteri

153 2698 262 2734 verbo
288 2698 512 2743 postpositus
539 2702 594 2733 est
619 2703 654 2733 et
680 2698 795 2742 figura
821 2710 861 2733 eo
888 2704 1028 2733 tantum
1060 2698 1216 2733 efficitur
1247 2698 1343 2742 quod
1378 2698 1592 2734 adiectivum
1632 2704 1667 2733 et

155 2758 341 2802 genetivus
368 2768 446 2791 cum
471 2758 544 2792 ictu
571 2758 781 2792 cuniunctus
808 2762 891 2792 ante
917 2758 1064 2792 verbum
1090 2758 1310 2802 praemissus
1336 2762 1400 2794 est.

251 2820 287 2860 2)
314 2821 412 2851 recte
451 2817 586 2851 Heinze
613 2815 657 2850 ad
684 2816 746 2859 111,
773 2819 839 2849 913
867 2827 940 2850 rein
967 2816 1147 2856 indicavit,
1187 2817 1262 2850 scil.
1290 2812 1404 2851 caecis·
1437 2817 1477 2849 ‘in
1516 2817 1668 2851 tenebris

1366 2880 1387 2914 4
