<?xml version="1.0" encoding="UTF-8"?>
<!DOCTYPE html PUBLIC "-//W3C//DTD XHTML 1.0 Transitional//EN"
    "http://www.w3.org/TR/xhtml1/DTD/xhtml1-transitional.dtd">
<html xmlns="http://www.w3.org/1999/xhtml" xml:lang="en" lang="en">
 <head>
  <title>
</title>
<meta http-equiv="Content-Type" content="text/html;charset=utf-8" />
  <meta name='ocr-system' content='tesseract 3.04.00' />
  <meta name='ocr-capabilities' content='ocr_page ocr_carea ocr_par ocr_line ocrx_word'/>
</head>
<body>
  <div class='ocr_page' id='page_1' title='image "./devirgiliisermon00druoft_0026.png"; bbox 0 0 1923 3110; ppageno 0'>
   <div class='ocr_carea' id='block_1_1' title="bbox 1034 118 1081 152">
    <p class='ocr_par' dir='ltr' id='par_1_1' title="bbox 1034 118 1081 152">
     <span class='ocr_line' id='line_1_1' title="bbox 1034 118 1081 152; baseline -0.043 0"><span class='ocrx_word' id='word_1_1' title='bbox 1034 118 1081 152; x_wconf 69' lang='lat'>113</span> 
     </span>
    </p>
   </div>
   <div class='ocr_carea' id='block_1_2' title="bbox 398 227 1759 280">
    <p class='ocr_par' dir='ltr' id='par_1_2' title="bbox 398 227 1759 280">
     <span class='ocr_line' id='line_1_2' title="bbox 398 227 1759 280; baseline 0.004 -15"><span class='ocrx_word' id='word_1_2' title='bbox 398 227 488 274; x_wconf 80' lang='lat' dir='ltr'>XV,</span> <span class='ocrx_word' id='word_1_3' title='bbox 523 230 599 279; x_wconf 69' lang='lat'>721</span> <span class='ocrx_word' id='word_1_4' title='bbox 666 241 807 279; x_wconf 84' lang='lat' dir='ltr'>perque</span> <span class='ocrx_word' id='word_1_5' title='bbox 840 230 944 266; x_wconf 75' lang='lat' dir='ltr'>sinus</span> <span class='ocrx_word' id='word_1_6' title='bbox 976 229 1128 267; x_wconf 66' lang='lat' dir='ltr'>cremos-</span> <span class='ocrx_word' id='word_1_7' title='bbox 1159 235 1193 267; x_wconf 64' lang='grc' dir='ltr'>οἱ</span> <span class='ocrx_word' id='word_1_8' title='bbox 1228 244 1365 280; x_wconf 68' lang='lat' dir='ltr'>magnai</span> <span class='ocrx_word' id='word_1_9' title='bbox 1400 231 1595 268; x_wconf 81' lang='lat' dir='ltr'>volumina</span> <span class='ocrx_word' id='word_1_10' title='bbox 1627 231 1759 270; x_wconf 80' lang='lat' dir='ltr'>labeus</span> 
     </span>
    </p>
   </div>
   <div class='ocr_carea' id='block_1_3' title="bbox 517 297 1697 351">
    <p class='ocr_par' dir='ltr' id='par_1_3' title="bbox 517 297 1697 351">
     <span class='ocr_line' id='line_1_3' title="bbox 517 297 1697 351; baseline 0.004 -17"><span class='ocrx_word' id='word_1_11' title='bbox 517 299 594 335; x_wconf 81' lang='grc'>749</span> <span class='ocrx_word' id='word_1_12' title='bbox 659 299 698 334; x_wconf 87' lang='lat' dir='ltr'>in</span> <span class='ocrx_word' id='word_1_13' title='bbox 729 297 834 334; x_wconf 86' lang='lat' dir='ltr'>sidus</span> <span class='ocrx_word' id='word_1_14' title='bbox 866 304 1012 336; x_wconf 77' lang='lat' dir='ltr'>vertere</span> <span class='ocrx_word' id='word_1_15' title='bbox 1044 312 1185 336; x_wconf 79' lang='lat' dir='ltr'>novum</span> <span class='ocrx_word' id='word_1_16' title='bbox 1217 299 1442 351; x_wconf 77' lang='lat' dir='ltr'>stellamque</span> <span class='ocrx_word' id='word_1_17' title='bbox 1473 306 1697 340; x_wconf 85' lang='lat' dir='ltr'>comantem.</span> 
     </span>
    </p>
   </div>
   <div class='ocr_carea' id='block_1_4' title="bbox 296 377 1834 1474">
    <p class='ocr_par' dir='ltr' id='par_1_4' title="bbox 296 377 1818 1052">
     <span class='ocr_line' id='line_1_4' title="bbox 415 377 1814 430; baseline 0.003 -14"><span class='ocrx_word' id='word_1_18' title='bbox 415 379 565 428; x_wconf 76' lang='lat' dir='ltr'>Quibus</span> <span class='ocrx_word' id='word_1_19' title='bbox 601 386 759 430; x_wconf 86' lang='lat' dir='ltr'>apparet</span> <span class='ocrx_word' id='word_1_20' title='bbox 784 377 968 416; x_wconf 88' lang='lat' dir='ltr'>Ovidium</span> <span class='ocrx_word' id='word_1_21' title='bbox 1013 380 1131 417; x_wconf 86' lang='lat' dir='ltr'>multo</span> <span class='ocrx_word' id='word_1_22' title='bbox 1173 382 1321 418; x_wconf 78' lang='lat' dir='ltr'>cautius</span> <span class='ocrx_word' id='word_1_23' title='bbox 1352 393 1396 417; x_wconf 83' lang='lat' dir='ltr'>ea</span> <span class='ocrx_word' id='word_1_24' title='bbox 1427 380 1553 430; x_wconf 81' lang='lat' dir='ltr'>figura</span> <span class='ocrx_word' id='word_1_25' title='bbox 1578 395 1688 419; x_wconf 89' lang='lat' dir='ltr'>usum</span> <span class='ocrx_word' id='word_1_26' title='bbox 1721 395 1814 420; x_wconf 82' lang='lat' dir='ltr'>esse.</span> 
     </span>
     <span class='ocr_line' id='line_1_5' title="bbox 299 447 1813 498; baseline 0.001 -12"><span class='ocrx_word' id='word_1_27' title='bbox 299 449 397 487; x_wconf 88' lang='lat' dir='ltr'>nihil</span> <span class='ocrx_word' id='word_1_28' title='bbox 429 451 528 487; x_wconf 89' lang='lat' dir='ltr'>enim</span> <span class='ocrx_word' id='word_1_29' title='bbox 560 448 675 486; x_wconf 85' lang='lat' dir='ltr'>habet</span> <span class='ocrx_word' id='word_1_30' title='bbox 701 447 885 486; x_wconf 84' lang='lat' dir='ltr'>Aeneidis</span> <span class='ocrx_word' id='word_1_31' title='bbox 916 451 1041 486; x_wconf 83' lang='lat' dir='ltr'>versui</span> <span class='ocrx_word' id='word_1_32' title='bbox 1075 450 1148 495; x_wconf 67' lang='grc' dir='ltr'>ΙΙΙ,</span> <span class='ocrx_word' id='word_1_33' title='bbox 1183 450 1262 486; x_wconf 72' lang='grc'>326</span> <span class='ocrx_word' id='word_1_34' title='bbox 1297 448 1456 486; x_wconf 80' lang='lat' dir='ltr'>audacia</span> <span class='ocrx_word' id='word_1_35' title='bbox 1489 455 1554 486; x_wconf 81' lang='lat' dir='ltr'>aut</span> <span class='ocrx_word' id='word_1_36' title='bbox 1586 451 1712 487; x_wconf 86' lang='lat' dir='ltr'>versui</span> <span class='ocrx_word' id='word_1_37' title='bbox 1743 451 1813 498; x_wconf 85' lang='lat' dir='ltr'>VI,</span> 
     </span>
     <span class='ocr_line' id='line_1_6' title="bbox 306 518 1816 570; baseline -0.001 -13"><span class='ocrx_word' id='word_1_38' title='bbox 306 521 384 557; x_wconf 81' lang='lat'>269</span> <span class='ocrx_word' id='word_1_39' title='bbox 419 519 630 557; x_wconf 74' lang='lat' dir='ltr'>affectionis</span> <span class='ocrx_word' id='word_1_40' title='bbox 661 524 767 555; x_wconf 86' lang='lat' dir='ltr'>motu</span> <span class='ocrx_word' id='word_1_41' title='bbox 799 518 942 564; x_wconf 80' lang='lat' dir='ltr'>simile;</span> <span class='ocrx_word' id='word_1_42' title='bbox 976 531 1100 569; x_wconf 83' lang='lat' dir='ltr'>neque</span> <span class='ocrx_word' id='word_1_43' title='bbox 1131 519 1306 555; x_wconf 82' lang='lat' dir='ltr'>fortunae</span> <span class='ocrx_word' id='word_1_44' title='bbox 1330 519 1547 569; x_wconf 77' lang='lat' dir='ltr'><strong>imputabis,</strong></span> <span class='ocrx_word' id='word_1_45' title='bbox 1579 519 1682 570; x_wconf 87' lang='lat' dir='ltr'>quod</span> <span class='ocrx_word' id='word_1_46' title='bbox 1703 521 1816 556; x_wconf 85' lang='lat' dir='ltr'>raris-</span> 
     </span>
     <span class='ocr_line' id='line_1_7' title="bbox 302 587 1818 639; baseline 0 -13"><span class='ocrx_word' id='word_1_47' title='bbox 302 591 397 626; x_wconf 84' lang='lat' dir='ltr'>sime</span> <span class='ocrx_word' id='word_1_48' title='bbox 430 587 531 639; x_wconf 89' lang='lat' dir='ltr'>apud</span> <span class='ocrx_word' id='word_1_49' title='bbox 560 587 744 626; x_wconf 77' lang='lat' dir='ltr'>Ovidium</span> <span class='ocrx_word' id='word_1_50' title='bbox 777 587 874 625; x_wconf 88' lang='lat' dir='ltr'>duae</span> <span class='ocrx_word' id='word_1_51' title='bbox 906 590 1081 625; x_wconf 83' lang='lat' dir='ltr'>notiones</span> <span class='ocrx_word' id='word_1_52' title='bbox 1112 602 1156 625; x_wconf 81' lang='lat' dir='ltr'>ea</span> <span class='ocrx_word' id='word_1_53' title='bbox 1188 590 1334 626; x_wconf 86' lang='lat' dir='ltr'>ratione</span> <span class='ocrx_word' id='word_1_54' title='bbox 1366 590 1589 626; x_wconf 83' lang='lat' dir='ltr'>coniunctae</span> <span class='ocrx_word' id='word_1_55' title='bbox 1621 588 1696 626; x_wconf 85' lang='lat' dir='ltr'>alio</span> <span class='ocrx_word' id='word_1_56' title='bbox 1727 602 1818 626; x_wconf 85' lang='lat' dir='ltr'>casu</span> 
     </span>
     <span class='ocr_line' id='line_1_8' title="bbox 302 658 1815 710; baseline 0 -14"><span class='ocrx_word' id='word_1_57' title='bbox 302 665 415 710; x_wconf 84' lang='lat' dir='ltr'>atque</span> <span class='ocrx_word' id='word_1_58' title='bbox 461 659 698 696; x_wconf 88' lang='lat' dir='ltr'>nominativo</span> <span class='ocrx_word' id='word_1_59' title='bbox 749 664 813 694; x_wconf 88' lang='lat' dir='ltr'>aut</span> <span class='ocrx_word' id='word_1_60' title='bbox 865 660 1085 695; x_wconf 85' lang='lat' dir='ltr'>accusativo</span> <span class='ocrx_word' id='word_1_61' title='bbox 1140 659 1286 708; x_wconf 79' lang='lat' dir='ltr'>positae</span> <span class='ocrx_word' id='word_1_62' title='bbox 1339 665 1435 695; x_wconf 87' lang='lat' dir='ltr'>sunt.</span> <span class='ocrx_word' id='word_1_63' title='bbox 1500 671 1633 709; x_wconf 90' lang='lat' dir='ltr'>nempe</span> <span class='ocrx_word' id='word_1_64' title='bbox 1673 658 1815 696; x_wconf 83' lang='lat' dir='ltr'>habent</span> 
     </span>
     <span class='ocr_line' id='line_1_9' title="bbox 301 727 1812 779; baseline 0 -14"><span class='ocrx_word' id='word_1_65' title='bbox 301 730 425 765; x_wconf 82' lang='lat' dir='ltr'>minus</span> <span class='ocrx_word' id='word_1_66' title='bbox 468 727 650 779; x_wconf 88' lang='lat' dir='ltr'>ponderis</span> <span class='ocrx_word' id='word_1_67' title='bbox 701 727 818 764; x_wconf 78' lang='lat' dir='ltr'>verba</span> <span class='ocrx_word' id='word_1_68' title='bbox 869 727 944 764; x_wconf 85' lang='lat' dir='ltr'>alio</span> <span class='ocrx_word' id='word_1_69' title='bbox 992 741 1082 765; x_wconf 88' lang='lat' dir='ltr'>casu</span> <span class='ocrx_word' id='word_1_70' title='bbox 1121 729 1256 777; x_wconf 87' lang='lat' dir='ltr'>posita.</span> <span class='ocrx_word' id='word_1_71' title='bbox 1326 730 1392 764; x_wconf 79' lang='lat' dir='ltr'>vix</span> <span class='ocrx_word' id='word_1_72' title='bbox 1435 742 1551 764; x_wconf 89' lang='lat' dir='ltr'>unum</span> <span class='ocrx_word' id='word_1_73' title='bbox 1596 728 1812 779; x_wconf 84' lang='lat' dir='ltr'>exemplum</span> 
     </span>
     <span class='ocr_line' id='line_1_10' title="bbox 296 797 1811 849; baseline 0 -14"><span class='ocrx_word' id='word_1_74' title='bbox 296 798 419 836; x_wconf 84' lang='lat' dir='ltr'>habeo</span> <span class='ocrx_word' id='word_1_75' title='bbox 451 804 603 849; x_wconf 78' lang='lat' dir='ltr'>praeter</span> <span class='ocrx_word' id='word_1_76' title='bbox 623 797 714 843; x_wconf 85' lang='lat' dir='ltr'>XV,</span> <span class='ocrx_word' id='word_1_77' title='bbox 740 799 820 834; x_wconf 76' lang='lat'>396</span> <span class='ocrx_word' id='word_1_78' title='bbox 854 803 889 834; x_wconf 91' lang='lat' dir='ltr'>et</span> <span class='ocrx_word' id='word_1_79' title='bbox 914 797 1025 837; x_wconf 79' lang='lat' dir='ltr'>VIII,</span> <span class='ocrx_word' id='word_1_80' title='bbox 1062 799 1140 834; x_wconf 67' lang='lat'>158</span> <span class='ocrx_word' id='word_1_81' title='bbox 1175 797 1225 846; x_wconf 89' lang='lat' dir='ltr'>(h.</span> <span class='ocrx_word' id='word_1_82' title='bbox 1259 797 1279 833; x_wconf 91' lang='lat' dir='ltr'>l.</span> <span class='ocrx_word' id='word_1_83' title='bbox 1323 797 1554 847; x_wconf 82' lang='lat' dir='ltr'>simpliciore</span> <span class='ocrx_word' id='word_1_84' title='bbox 1584 803 1666 835; x_wconf 87' lang='lat' dir='ltr'>arte</span> <span class='ocrx_word' id='word_1_85' title='bbox 1697 811 1811 848; x_wconf 85' lang='lat' dir='ltr'>quam</span> 
     </span>
     <span class='ocr_line' id='line_1_11' title="bbox 299 865 1814 918; baseline 0 -13"><span class='ocrx_word' id='word_1_86' title='bbox 299 867 497 917; x_wconf 67' lang='lat' dir='ltr'>Vergilius</span> <span class='ocrx_word' id='word_1_87' title='bbox 527 866 791 917; x_wconf 67' lang='lat' dir='ltr'>labyrinthum</span> <span class='ocrx_word' id='word_1_88' title='bbox 823 865 1032 915; x_wconf 80' lang='lat' dir='ltr'>describit).</span> <span class='ocrx_word' id='word_1_89' title='bbox 1097 868 1249 903; x_wconf 83' lang='lat' dir='ltr'>tertium</span> <span class='ocrx_word' id='word_1_90' title='bbox 1281 867 1498 918; x_wconf 80' lang='lat' dir='ltr'>exemplum</span> <span class='ocrx_word' id='word_1_91' title='bbox 1530 866 1580 914; x_wconf 82' lang='lat' dir='ltr'>X,</span> <span class='ocrx_word' id='word_1_92' title='bbox 1609 869 1688 904; x_wconf 81' lang='lat' dir='ltr'>47ss</span> <span class='ocrx_word' id='word_1_93' title='bbox 1722 874 1814 905; x_wconf 79' lang='lat' dir='ltr'>tene-</span> 
     </span>
     <span class='ocr_line' id='line_1_12' title="bbox 301 935 1812 987; baseline -0.001 -11"><span class='ocrx_word' id='word_1_94' title='bbox 301 943 374 976; x_wconf 71' lang='lat' dir='ltr'>bris</span> <span class='ocrx_word' id='word_1_95' title='bbox 405 945 436 975; x_wconf 76' lang='lat' dir='ltr'>et</span> <span class='ocrx_word' id='word_1_96' title='bbox 467 951 589 975; x_wconf 73' lang='lat' dir='ltr'>caecae</span> <span class='ocrx_word' id='word_1_97' title='bbox 621 950 766 973; x_wconf 74' lang='lat' dir='ltr'>munere</span> <span class='ocrx_word' id='word_1_98' title='bbox 797 941 919 982; x_wconf 70' lang='lat' dir='ltr'>noc-tis,</span> <span class='ocrx_word' id='word_1_99' title='bbox 955 942 993 972; x_wconf 84' lang='lat' dir='ltr'>ut</span> <span class='ocrx_word' id='word_1_100' title='bbox 1027 935 1203 983; x_wconf 73' lang='lat' dir='ltr'>vidimus,</span> <span class='ocrx_word' id='word_1_101' title='bbox 1235 936 1348 987; x_wconf 85' lang='lat' dir='ltr'>plane</span> <span class='ocrx_word' id='word_1_102' title='bbox 1371 935 1419 973; x_wconf 83' lang='lat' dir='ltr'>ad</span> <span class='ocrx_word' id='word_1_103' title='bbox 1442 936 1603 986; x_wconf 80' lang='lat' dir='ltr'>Vergilii</span> <span class='ocrx_word' id='word_1_104' title='bbox 1627 936 1812 975; x_wconf 86' lang='lat' dir='ltr'>Aeneidis</span> 
     </span>
     <span class='ocr_line' id='line_1_13' title="bbox 300 1006 1113 1052; baseline -0.005 -7"><span class='ocrx_word' id='word_1_105' title='bbox 300 1021 451 1045; x_wconf 83' lang='lat' dir='ltr'>versum</span> <span class='ocrx_word' id='word_1_106' title='bbox 483 1007 505 1043; x_wconf 93' lang='lat' dir='ltr'>l.</span> <span class='ocrx_word' id='word_1_107' title='bbox 544 1006 654 1052; x_wconf 72' lang='lat' dir='ltr'>VIII,</span> <span class='ocrx_word' id='word_1_108' title='bbox 689 1008 768 1042; x_wconf 70' lang='lat'>(358</span> <span class='ocrx_word' id='word_1_109' title='bbox 802 1006 1014 1042; x_wconf 84' lang='lat' dir='ltr'>confectum</span> <span class='ocrx_word' id='word_1_110' title='bbox 1048 1011 1113 1042; x_wconf 88' lang='lat' dir='ltr'>est.</span> 
     </span>
    </p>

    <p class='ocr_par' dir='ltr' id='par_1_5' title="bbox 297 1075 1834 1474">
     <span class='ocr_line' id='line_1_14' title="bbox 414 1075 1834 1127; baseline 0 -13"><span class='ocrx_word' id='word_1_111' title='bbox 414 1078 477 1114; x_wconf 80' lang='lat' dir='ltr'>Ex</span> <span class='ocrx_word' id='word_1_112' title='bbox 508 1078 642 1127; x_wconf 88' lang='lat' dir='ltr'>poetis,</span> <span class='ocrx_word' id='word_1_113' title='bbox 684 1077 751 1125; x_wconf 89' lang='lat' dir='ltr'>qui</span> <span class='ocrx_word' id='word_1_114' title='bbox 784 1081 870 1126; x_wconf 81' lang='lat' dir='ltr'>post</span> <span class='ocrx_word' id='word_1_115' title='bbox 900 1075 1117 1124; x_wconf 80' lang='lat' dir='ltr'>Vergilium</span> <span class='ocrx_word' id='word_1_116' title='bbox 1164 1076 1323 1111; x_wconf 79' lang='lat' dir='ltr'>carmini</span> <span class='ocrx_word' id='word_1_117' title='bbox 1367 1075 1520 1112; x_wconf 90' lang='lat' dir='ltr'>heroico</span> <span class='ocrx_word' id='word_1_118' title='bbox 1564 1089 1719 1126; x_wconf 84' lang='lat' dir='ltr'>operam</span> <span class='ocrx_word' id='word_1_119' title='bbox 1751 1075 1834 1114; x_wconf 45' lang='lat' dir='ltr'>de?</span> 
     </span>
     <span class='ocr_line' id='line_1_15' title="bbox 299 1144 1818 1195; baseline -0.002 -10"><span class='ocrx_word' id='word_1_120' title='bbox 299 1147 446 1194; x_wconf 74' lang='lat' dir='ltr'>derunt,</span> <span class='ocrx_word' id='word_1_121' title='bbox 478 1147 638 1183; x_wconf 89' lang='lat' dir='ltr'>sermoni</span> <span class='ocrx_word' id='word_1_122' title='bbox 672 1145 898 1194; x_wconf 82' lang='lat' dir='ltr'>Vergiliano</span> <span class='ocrx_word' id='word_1_123' title='bbox 939 1147 1110 1195; x_wconf 78' lang='lat' dir='ltr'>proxime</span> <span class='ocrx_word' id='word_1_124' title='bbox 1153 1144 1337 1181; x_wconf 82' lang='lat' dir='ltr'>accedunt</span> <span class='ocrx_word' id='word_1_125' title='bbox 1373 1144 1549 1182; x_wconf 84' lang='lat' dir='ltr'>Valerius</span> <span class='ocrx_word' id='word_1_126' title='bbox 1579 1145 1741 1182; x_wconf 75' lang='lat' dir='ltr'>Flaccus</span> <span class='ocrx_word' id='word_1_127' title='bbox 1781 1150 1818 1182; x_wconf 83' lang='lat' dir='ltr'>et</span> 
     </span>
     <span class='ocr_line' id='line_1_16' title="bbox 300 1215 1818 1267; baseline -0.003 -12"><span class='ocrx_word' id='word_1_128' title='bbox 300 1218 457 1264; x_wconf 78' lang='lat' dir='ltr'>Statius,</span> <span class='ocrx_word' id='word_1_129' title='bbox 503 1230 598 1267; x_wconf 87' lang='lat' dir='ltr'>quos</span> <span class='ocrx_word' id='word_1_130' title='bbox 641 1215 801 1264; x_wconf 83' lang='lat' dir='ltr'>figuram</span> <span class='ocrx_word' id='word_1_131' title='bbox 842 1228 864 1251; x_wconf 82' lang='lat' dir='ltr'>a</span> <span class='ocrx_word' id='word_1_132' title='bbox 905 1215 1078 1264; x_wconf 80' lang='lat' dir='ltr'>Vergilio</span> <span class='ocrx_word' id='word_1_133' title='bbox 1120 1220 1286 1251; x_wconf 86' lang='lat' dir='ltr'>amatam</span> <span class='ocrx_word' id='word_1_134' title='bbox 1334 1216 1477 1251; x_wconf 88' lang='lat' dir='ltr'>imitari</span> <span class='ocrx_word' id='word_1_135' title='bbox 1519 1216 1675 1251; x_wconf 88' lang='lat' dir='ltr'>minime</span> <span class='ocrx_word' id='word_1_136' title='bbox 1707 1216 1818 1252; x_wconf 87' lang='lat' dir='ltr'>mira-</span> 
     </span>
     <span class='ocr_line' id='line_1_17' title="bbox 299 1284 1818 1335; baseline -0.002 -10"><span class='ocrx_word' id='word_1_137' title='bbox 299 1287 412 1325; x_wconf 81' lang='lat' dir='ltr'>beris.</span> <span class='ocrx_word' id='word_1_138' title='bbox 475 1285 540 1323; x_wconf 88' lang='lat' dir='ltr'>sed</span> <span class='ocrx_word' id='word_1_139' title='bbox 573 1287 688 1322; x_wconf 88' lang='lat' dir='ltr'>etiam</span> <span class='ocrx_word' id='word_1_140' title='bbox 719 1292 871 1335; x_wconf 81' lang='lat' dir='ltr'>poetam</span> <span class='ocrx_word' id='word_1_141' title='bbox 903 1286 1024 1333; x_wconf 79' lang='lat' dir='ltr'>magis</span> <span class='ocrx_word' id='word_1_142' title='bbox 1055 1284 1294 1329; x_wconf 76' lang='lat' dir='ltr'>rhetoricum,</span> <span class='ocrx_word' id='word_1_143' title='bbox 1338 1284 1463 1334; x_wconf 81' lang='lat' dir='ltr'>qualis</span> <span class='ocrx_word' id='word_1_144' title='bbox 1507 1290 1563 1321; x_wconf 80' lang='lat' dir='ltr'>est</span> <span class='ocrx_word' id='word_1_145' title='bbox 1597 1285 1818 1331; x_wconf 79' lang='lat' dir='ltr'>Lucanus,</span> 
     </span>
     <span class='ocr_line' id='line_1_18' title="bbox 300 1353 1816 1407; baseline -0.003 -12"><span class='ocrx_word' id='word_1_146' title='bbox 300 1357 347 1395; x_wconf 89' lang='lat' dir='ltr'>ab</span> <span class='ocrx_word' id='word_1_147' title='bbox 380 1370 424 1394; x_wconf 85' lang='lat' dir='ltr'>ea</span> <span class='ocrx_word' id='word_1_148' title='bbox 455 1355 609 1407; x_wconf 89' lang='lat' dir='ltr'>quidem</span> <span class='ocrx_word' id='word_1_149' title='bbox 639 1355 763 1405; x_wconf 79' lang='lat' dir='ltr'>figura</span> <span class='ocrx_word' id='word_1_150' title='bbox 794 1368 868 1391; x_wconf 86' lang='lat' dir='ltr'>non</span> <span class='ocrx_word' id='word_1_151' title='bbox 901 1354 1014 1405; x_wconf 86' lang='lat' dir='ltr'>plane</span> <span class='ocrx_word' id='word_1_152' title='bbox 1046 1354 1249 1391; x_wconf 86' lang='lat' dir='ltr'>abhorrere</span> <span class='ocrx_word' id='word_1_153' title='bbox 1282 1360 1440 1403; x_wconf 81' lang='lat' dir='ltr'>apparet</span> <span class='ocrx_word' id='word_1_154' title='bbox 1471 1353 1592 1390; x_wconf 86' lang='lat' dir='ltr'>tribus</span> <span class='ocrx_word' id='word_1_155' title='bbox 1635 1354 1729 1390; x_wconf 90' lang='lat' dir='ltr'>locis</span> <span class='ocrx_word' id='word_1_156' title='bbox 1769 1367 1816 1391; x_wconf 83' lang='lat' dir='ltr'>ex</span> 
     </span>
     <span class='ocr_line' id='line_1_19' title="bbox 297 1423 1505 1474; baseline -0.005 -9"><span class='ocrx_word' id='word_1_157' title='bbox 297 1427 481 1466; x_wconf 88' lang='lat' dir='ltr'>librorum</span> <span class='ocrx_word' id='word_1_158' title='bbox 514 1425 561 1463; x_wconf 88' lang='lat' dir='ltr'>de</span> <span class='ocrx_word' id='word_1_159' title='bbox 593 1425 695 1463; x_wconf 89' lang='lat' dir='ltr'>bello</span> <span class='ocrx_word' id='word_1_160' title='bbox 728 1425 833 1461; x_wconf 85' lang='lat' dir='ltr'>civili</span> <span class='ocrx_word' id='word_1_161' title='bbox 866 1427 987 1474; x_wconf 89' lang='lat' dir='ltr'>primo</span> <span class='ocrx_word' id='word_1_162' title='bbox 1021 1431 1057 1461; x_wconf 91' lang='lat' dir='ltr'>et</span> <span class='ocrx_word' id='word_1_163' title='bbox 1089 1423 1255 1460; x_wconf 86' lang='lat' dir='ltr'>seeundo</span> <span class='ocrx_word' id='word_1_164' title='bbox 1288 1424 1505 1474; x_wconf 80' lang='lat' dir='ltr'>exscriptis:</span> 
     </span>
    </p>
   </div>
   <div class='ocr_carea' id='block_1_5' title="bbox 298 1498 1816 2043">
    <p class='ocr_par' dir='ltr' id='par_1_6' title="bbox 298 1498 1816 2043">
     <span class='ocr_line' id='line_1_20' title="bbox 298 1498 1587 1556; baseline -0.005 -9"><span class='ocrx_word' id='word_1_165' title='bbox 298 1510 389 1547; x_wconf 86' lang='lat' dir='ltr'>Luc.</span> <span class='ocrx_word' id='word_1_166' title='bbox 422 1509 451 1552; x_wconf 82' lang='grc' dir='ltr'>Ι,</span> <span class='ocrx_word' id='word_1_167' title='bbox 486 1510 566 1545; x_wconf 77' lang='lat'>244</span> <span class='ocrx_word' id='word_1_168' title='bbox 627 1498 678 1544; x_wconf 68' lang='lat' dir='ltr'>ut⁴</span> <span class='ocrx_word' id='word_1_169' title='bbox 700 1511 813 1543; x_wconf 82' lang='lat' dir='ltr'>notae</span> <span class='ocrx_word' id='word_1_170' title='bbox 844 1505 982 1543; x_wconf 78' lang='lat' dir='ltr'>fulsere</span> <span class='ocrx_word' id='word_1_171' title='bbox 1013 1505 1165 1556; x_wconf 85' lang='lat' dir='ltr'>aquilae</span> <span class='ocrx_word' id='word_1_172' title='bbox 1196 1506 1445 1555; x_wconf 83' lang='lat' dir='ltr'>Romanaque</span> <span class='ocrx_word' id='word_1_173' title='bbox 1477 1506 1587 1553; x_wconf 82' lang='lat' dir='ltr'>sigua</span> 
     </span>
     <span class='ocr_line' id='line_1_21' title="bbox 414 1574 1585 1624; baseline -0.004 -9"><span class='ocrx_word' id='word_1_174' title='bbox 414 1578 467 1623; x_wconf 68' lang='lat' dir='ltr'>II,</span> <span class='ocrx_word' id='word_1_175' title='bbox 500 1579 521 1614; x_wconf 81' lang='lat'><strong>7</strong></span> <span class='ocrx_word' id='word_1_176' title='bbox 945 1589 1029 1612; x_wconf 87' lang='lat' dir='ltr'>cum</span> <span class='ocrx_word' id='word_1_177' title='bbox 1063 1577 1223 1624; x_wconf 88' lang='lat' dir='ltr'>primum</span> <span class='ocrx_word' id='word_1_178' title='bbox 1256 1574 1435 1611; x_wconf 81' lang='lat' dir='ltr'>informia</span> <span class='ocrx_word' id='word_1_179' title='bbox 1466 1586 1585 1622; x_wconf 84' lang='lat' dir='ltr'>regna</span> 
     </span>
     <span class='ocr_line' id='line_1_22' title="bbox 634 1643 1586 1695; baseline -0.003 -13"><span class='ocrx_word' id='word_1_180' title='bbox 634 1647 908 1695; x_wconf 82' lang='lat' dir='ltr'>materiamque</span> <span class='ocrx_word' id='word_1_181' title='bbox 929 1643 1061 1681; x_wconf 86' lang='lat' dir='ltr'>rudem</span> <span class='ocrx_word' id='word_1_182' title='bbox 1088 1644 1241 1681; x_wconf 84' lang='lat' dir='ltr'>flamma</span> <span class='ocrx_word' id='word_1_183' title='bbox 1264 1643 1422 1681; x_wconf 82' lang='lat' dir='ltr'>cedente</span> <span class='ocrx_word' id='word_1_184' title='bbox 1442 1645 1586 1693; x_wconf 86' lang='lat' dir='ltr'>recepit</span> 
     </span>
     <span class='ocr_line' id='line_1_23' title="bbox 504 1714 1355 1765; baseline -0.005 -11"><span class='ocrx_word' id='word_1_185' title='bbox 504 1718 581 1754; x_wconf 80' lang='lat'>242</span> <span class='ocrx_word' id='word_1_186' title='bbox 636 1715 819 1765; x_wconf 79' lang='lat' dir='ltr'>expulsae</span> <span class='ocrx_word' id='word_1_187' title='bbox 851 1716 961 1751; x_wconf 90' lang='lat' dir='ltr'>terris</span> <span class='ocrx_word' id='word_1_188' title='bbox 993 1714 1158 1765; x_wconf 77' lang='lat' dir='ltr'>olimque</span> <span class='ocrx_word' id='word_1_189' title='bbox 1190 1715 1355 1763; x_wconf 78' lang='lat' dir='ltr'>fugatae.</span> 
     </span>
     <span class='ocr_line' id='line_1_24' title="bbox 298 1781 1816 1827; baseline -0.006 0"><span class='ocrx_word' id='word_1_190' title='bbox 298 1791 338 1826; x_wconf 89' lang='lat' dir='ltr'>in</span> <span class='ocrx_word' id='word_1_191' title='bbox 381 1789 440 1826; x_wconf 86' lang='lat' dir='ltr'>his</span> <span class='ocrx_word' id='word_1_192' title='bbox 471 1792 597 1824; x_wconf 85' lang='lat' dir='ltr'>autem</span> <span class='ocrx_word' id='word_1_193' title='bbox 643 1798 687 1822; x_wconf 90' lang='lat' dir='ltr'>ea</span> <span class='ocrx_word' id='word_1_194' title='bbox 729 1785 826 1821; x_wconf 89' lang='lat' dir='ltr'>ratio</span> <span class='ocrx_word' id='word_1_195' title='bbox 871 1786 971 1821; x_wconf 86' lang='lat' dir='ltr'>inter</span> <span class='ocrx_word' id='word_1_196' title='bbox 1009 1783 1104 1821; x_wconf 83' lang='lat' dir='ltr'>duas</span> <span class='ocrx_word' id='word_1_197' title='bbox 1147 1785 1321 1820; x_wconf 76' lang='lat' dir='ltr'>notiones</span> <span class='ocrx_word' id='word_1_198' title='bbox 1362 1781 1574 1827; x_wconf 74' lang='lat' dir='ltr'>intercedit,</span> <span class='ocrx_word' id='word_1_199' title='bbox 1616 1791 1653 1819; x_wconf 82' lang='lat' dir='ltr'>ut</span> <span class='ocrx_word' id='word_1_200' title='bbox 1697 1782 1816 1819; x_wconf 78' lang='lat' dir='ltr'>altera</span> 
     </span>
     <span class='ocr_line' id='line_1_25' title="bbox 301 1855 1489 1910; baseline -0.007 -14"><span class='ocrx_word' id='word_1_201' title='bbox 301 1861 465 1910; x_wconf 85' lang='lat' dir='ltr'>priorem</span> <span class='ocrx_word' id='word_1_202' title='bbox 499 1869 567 1893; x_wconf 88' lang='lat' dir='ltr'>usu</span> <span class='ocrx_word' id='word_1_203' title='bbox 598 1855 830 1892; x_wconf 87' lang='lat' dir='ltr'>Lucretiano</span> <span class='ocrx_word' id='word_1_204' title='bbox 862 1855 984 1890; x_wconf 82' lang='lat' dir='ltr'>variet</span> <span class='ocrx_word' id='word_1_205' title='bbox 1018 1855 1144 1903; x_wconf 80' lang='lat' dir='ltr'>potius</span> <span class='ocrx_word' id='word_1_206' title='bbox 1176 1865 1289 1904; x_wconf 83' lang='lat' dir='ltr'>quam</span> <span class='ocrx_word' id='word_1_207' title='bbox 1323 1859 1489 1890; x_wconf 77' lang='lat' dir='ltr'>exornet.</span> 
     </span>
     <span class='ocr_line' id='line_1_26' title="bbox 412 1921 1815 1975; baseline -0.005 -11"><span class='ocrx_word' id='word_1_208' title='bbox 412 1926 647 1975; x_wconf 82' lang='lat' dir='ltr'>Vergilianis</span> <span class='ocrx_word' id='word_1_209' title='bbox 688 1924 872 1961; x_wconf 78' lang='lat' dir='ltr'>similiora</span> <span class='ocrx_word' id='word_1_210' title='bbox 914 1929 1002 1960; x_wconf 86' lang='lat' dir='ltr'>sunt</span> <span class='ocrx_word' id='word_1_211' title='bbox 1035 1936 1131 1973; x_wconf 80' lang='lat' dir='ltr'>quae</span> <span class='ocrx_word' id='word_1_212' title='bbox 1164 1937 1210 1960; x_wconf 82' lang='lat' dir='ltr'>ex</span> <span class='ocrx_word' id='word_1_213' title='bbox 1235 1923 1425 1970; x_wconf 49' lang='lat' dir='ltr'>Valerio</span> <span class='ocrx_word' id='word_1_214' title='bbox 1458 1921 1681 1958; x_wconf 76' lang='lat' dir='ltr'>adscribam.</span> <span class='ocrx_word' id='word_1_215' title='bbox 1743 1923 1815 1958; x_wconf 85' lang='lat' dir='ltr'>etsi</span> 
     </span>
     <span class='ocr_line' id='line_1_27' title="bbox 301 1993 1605 2043; baseline -0.008 -6"><span class='ocrx_word' id='word_1_216' title='bbox 301 2000 400 2037; x_wconf 86' lang='lat' dir='ltr'>enim</span> <span class='ocrx_word' id='word_1_217' title='bbox 432 1997 504 2034; x_wconf 80' lang='lat' dir='ltr'>hoc</span> <span class='ocrx_word' id='word_1_218' title='bbox 535 1995 601 2032; x_wconf 84' lang='lat' dir='ltr'>illo</span> <span class='ocrx_word' id='word_1_219' title='bbox 633 1994 716 2031; x_wconf 85' lang='lat' dir='ltr'>loco</span> <span class='ocrx_word' id='word_1_220' title='bbox 750 1993 870 2030; x_wconf 84' lang='lat' dir='ltr'>altera</span> <span class='ocrx_word' id='word_1_221' title='bbox 904 2006 990 2043; x_wconf 84' lang='lat' dir='ltr'>pars</span> <span class='ocrx_word' id='word_1_222' title='bbox 1022 1995 1185 2043; x_wconf 80' lang='lat' dir='ltr'>priorem</span> <span class='ocrx_word' id='word_1_223' title='bbox 1218 1998 1363 2028; x_wconf 86' lang='lat' dir='ltr'>tantum</span> <span class='ocrx_word' id='word_1_224' title='bbox 1398 1993 1532 2037; x_wconf 77' lang='lat' dir='ltr'>variet,</span> <span class='ocrx_word' id='word_1_225' title='bbox 1564 1996 1605 2027; x_wconf 89' lang='lat' dir='ltr'>ut</span> 
     </span>
    </p>
   </div>
   <div class='ocr_carea' id='block_1_6' title="bbox 299 2072 1667 2125">
    <p class='ocr_par' dir='ltr' id='par_1_7' title="bbox 299 2072 1667 2125">
     <span class='ocr_line' id='line_1_28' title="bbox 299 2072 1667 2125; baseline -0.007 -7"><span class='ocrx_word' id='word_1_226' title='bbox 299 2080 385 2117; x_wconf 79' lang='lat' dir='ltr'>Val.</span> <span class='ocrx_word' id='word_1_227' title='bbox 403 2078 516 2124; x_wconf 83' lang='lat' dir='ltr'>VIII,</span> <span class='ocrx_word' id='word_1_228' title='bbox 536 2079 613 2114; x_wconf 73' lang='lat'>2:22</span> <span class='ocrx_word' id='word_1_229' title='bbox 668 2077 968 2125; x_wconf 83' lang='lat' dir='ltr'>promissamque</span> <span class='ocrx_word' id='word_1_230' title='bbox 990 2073 1103 2111; x_wconf 75' lang='lat' dir='ltr'>tidem</span> <span class='ocrx_word' id='word_1_231' title='bbox 1127 2074 1281 2110; x_wconf 77' lang='lat' dir='ltr'>thalami</span> <span class='ocrx_word' id='word_1_232' title='bbox 1308 2072 1518 2124; x_wconf 82' lang='lat' dir='ltr'>foedusque</span> <span class='ocrx_word' id='word_1_233' title='bbox 1540 2072 1667 2121; x_wconf 79' lang='lat' dir='ltr'>iugale</span> 
     </span>
    </p>
   </div>
   <div class='ocr_carea' id='block_1_7' title="bbox 300 2154 1812 2624">
    <p class='ocr_par' dir='ltr' id='par_1_8' title="bbox 300 2154 1812 2624">
     <span class='ocr_line' id='line_1_29' title="bbox 300 2154 1455 2213; baseline -0.006 -15"><span class='ocrx_word' id='word_1_234' title='bbox 300 2161 474 2213; x_wconf 89' lang='lat' dir='ltr'>plurimis</span> <span class='ocrx_word' id='word_1_235' title='bbox 506 2159 599 2195; x_wconf 89' lang='lat' dir='ltr'>locis</span> <span class='ocrx_word' id='word_1_236' title='bbox 631 2170 758 2194; x_wconf 83' lang='lat' dir='ltr'>veram</span> <span class='ocrx_word' id='word_1_237' title='bbox 784 2158 1012 2206; x_wconf 73' lang='lat' dir='ltr'>epexegesim</span> <span class='ocrx_word' id='word_1_238' title='bbox 1045 2169 1125 2192; x_wconf 79' lang='lat' dir='ltr'>esse</span> <span class='ocrx_word' id='word_1_239' title='bbox 1159 2155 1327 2192; x_wconf 82' lang='lat' dir='ltr'>dicemus</span> <span class='ocrx_word' id='word_1_240' title='bbox 1350 2154 1455 2191; x_wconf 78' lang='lat' dir='ltr'>velut</span> 
     </span>
     <span class='ocr_line' id='line_1_30' title="bbox 414 2222 1812 2276; baseline -0.006 -9"><span class='ocrx_word' id='word_1_241' title='bbox 414 2230 488 2276; x_wconf 85' lang='lat' dir='ltr'>III,</span> <span class='ocrx_word' id='word_1_242' title='bbox 521 2229 601 2266; x_wconf 74' lang='lat'>658</span> <span class='ocrx_word' id='word_1_243' title='bbox 662 2240 781 2275; x_wconf 82' lang='lat' dir='ltr'>regna</span> <span class='ocrx_word' id='word_1_244' title='bbox 820 2225 932 2263; x_wconf 82' lang='lat' dir='ltr'>hodie</span> <span class='ocrx_word' id='word_1_245' title='bbox 964 2231 998 2262; x_wconf 84' lang='lat' dir='ltr'>et</span> <span class='ocrx_word' id='word_1_246' title='bbox 1032 2225 1181 2262; x_wconf 71' lang='lat' dir='ltr'>dulcem</span> <span class='ocrx_word' id='word_1_247' title='bbox 1214 2226 1372 2275; x_wconf 77' lang='lat' dir='ltr'>sceptris</span> <span class='ocrx_word' id='word_1_248' title='bbox 1405 2222 1605 2274; x_wconf 67' lang='lat' dir='ltr'>Calydona</span> <span class='ocrx_word' id='word_1_249' title='bbox 1637 2229 1812 2269; x_wconf 70' lang='lat' dir='ltr'>tenerem7</span> 
     </span>
     <span class='ocr_line' id='line_1_31' title="bbox 413 2292 1723 2346; baseline -0.005 -10"><span class='ocrx_word' id='word_1_250' title='bbox 413 2299 480 2346; x_wconf 87' lang='lat' dir='ltr'>IV,</span> <span class='ocrx_word' id='word_1_251' title='bbox 514 2300 594 2336; x_wconf 69' lang='lat'><strong>&lt;50⁴2</strong></span> <span class='ocrx_word' id='word_1_252' title='bbox 656 2296 789 2334; x_wconf 84' lang='lat' dir='ltr'>inclita</span> <span class='ocrx_word' id='word_1_253' title='bbox 824 2295 1102 2332; x_wconf 85' lang='lat' dir='ltr'>Amazonidum</span> <span class='ocrx_word' id='word_1_254' title='bbox 1134 2307 1351 2345; x_wconf 78' lang='lat' dir='ltr'>magnoque</span> <span class='ocrx_word' id='word_1_255' title='bbox 1383 2298 1517 2331; x_wconf 81' lang='lat' dir='ltr'>exorta</span> <span class='ocrx_word' id='word_1_256' title='bbox 1551 2292 1723 2330; x_wconf 78' lang='lat' dir='ltr'>Gradivo</span> 
     </span>
     <span class='ocr_line' id='line_1_32' title="bbox 651 2364 885 2415; baseline -0.009 -12"><span class='ocrx_word' id='word_1_257' title='bbox 651 2379 744 2415; x_wconf 83' lang='lat' dir='ltr'>gens</span> <span class='ocrx_word' id='word_1_258' title='bbox 775 2364 885 2411; x_wconf 72' lang='lat' dir='ltr'>ibi11,</span> 
     </span>
     <span class='ocr_line' id='line_1_33' title="bbox 433 2432 1619 2483; baseline -0.005 -9"><span class='ocrx_word' id='word_1_259' title='bbox 433 2438 477 2483; x_wconf 81' lang='lat' dir='ltr'>V,</span> <span class='ocrx_word' id='word_1_260' title='bbox 511 2438 591 2473; x_wconf 76' lang='lat'>415</span> <span class='ocrx_word' id='word_1_261' title='bbox 655 2434 812 2472; x_wconf 78' lang='lat' dir='ltr'>Pliades</span> <span class='ocrx_word' id='word_1_262' title='bbox 844 2440 879 2471; x_wconf 85' lang='lat' dir='ltr'>et</span> <span class='ocrx_word' id='word_1_263' title='bbox 912 2433 1077 2471; x_wconf 86' lang='lat' dir='ltr'>madidis</span> <span class='ocrx_word' id='word_1_264' title='bbox 1109 2439 1279 2470; x_wconf 87' lang='lat' dir='ltr'>rorantes</span> <span class='ocrx_word' id='word_1_265' title='bbox 1312 2432 1480 2469; x_wconf 72' lang='lat' dir='ltr'>crinibus</span> <span class='ocrx_word' id='word_1_266' title='bbox 1509 2434 1619 2481; x_wconf 83' lang='lat' dir='ltr'>ignes</span> 
     </span>
     <span class='ocr_line' id='line_1_34' title="bbox 425 2500 1738 2555; baseline -0.005 -12"><span class='ocrx_word' id='word_1_267' title='bbox 425 2507 477 2552; x_wconf 80' lang='grc' dir='ltr'>ΙΙ,</span> <span class='ocrx_word' id='word_1_268' title='bbox 506 2508 586 2543; x_wconf 75' lang='lat'>409</span> <span class='ocrx_word' id='word_1_269' title='bbox 651 2504 751 2542; x_wconf 76' lang='lat' dir='ltr'>dona</span> <span class='ocrx_word' id='word_1_270' title='bbox 782 2504 865 2541; x_wconf 90' lang='lat' dir='ltr'>duci</span> <span class='ocrx_word' id='word_1_271' title='bbox 900 2505 1040 2555; x_wconf 78' lang='lat' dir='ltr'>promit</span> <span class='ocrx_word' id='word_1_272' title='bbox 1072 2502 1312 2553; x_wconf 80' lang='lat' dir='ltr'>chlamydem</span> <span class='ocrx_word' id='word_1_273' title='bbox 1349 2508 1551 2552; x_wconf 78' lang='lat' dir='ltr'>textosque</span> <span class='ocrx_word' id='word_1_274' title='bbox 1580 2500 1738 2537; x_wconf 77' lang='lat' dir='ltr'>labores.</span> 
     </span>
     <span class='ocr_line' id='line_1_35' title="bbox 361 2572 1746 2624; baseline -0.005 -10"><span class='ocrx_word' id='word_1_275' title='bbox 361 2577 470 2624; x_wconf 80' lang='lat' dir='ltr'>VIII,</span> <span class='ocrx_word' id='word_1_276' title='bbox 509 2578 590 2613; x_wconf 82' lang='lat'>300</span> <span class='ocrx_word' id='word_1_277' title='bbox 652 2575 827 2623; x_wconf 81' lang='lat' dir='ltr'>coniugio</span> <span class='ocrx_word' id='word_1_278' title='bbox 854 2580 967 2624; x_wconf 84' lang='lat' dir='ltr'>atque</span> <span class='ocrx_word' id='word_1_279' title='bbox 1001 2575 1139 2610; x_wconf 86' lang='lat' dir='ltr'>iterum</span> <span class='ocrx_word' id='word_1_280' title='bbox 1171 2586 1332 2623; x_wconf 87' lang='lat' dir='ltr'>sponsae</span> <span class='ocrx_word' id='word_1_281' title='bbox 1363 2572 1579 2609; x_wconf 80' lang='lat' dir='ltr'>flammatus</span> <span class='ocrx_word' id='word_1_282' title='bbox 1610 2583 1746 2608; x_wconf 87' lang='lat' dir='ltr'>amore.</span> 
     </span>
    </p>
   </div>
   <div class='ocr_carea' id='block_1_8' title="bbox 296 2691 1815 2853">
    <p class='ocr_par' dir='ltr' id='par_1_9' title="bbox 296 2691 1815 2853">
     <span class='ocr_line' id='line_1_36' title="bbox 398 2691 1815 2740; baseline -0.008 -8"><span class='ocrx_word' id='word_1_283' title='bbox 398 2701 430 2740; x_wconf 94' lang='lat' dir='ltr'>l)</span> <span class='ocrx_word' id='word_1_284' title='bbox 458 2697 575 2732; x_wconf 85' lang='lat' dir='ltr'>verbis</span> <span class='ocrx_word' id='word_1_285' title='bbox 602 2695 752 2730; x_wconf 80' lang='lat' dir='ltr'>alterius</span> <span class='ocrx_word' id='word_1_286' title='bbox 779 2696 893 2740; x_wconf 85' lang='lat' dir='ltr'>partis</span> <span class='ocrx_word' id='word_1_287' title='bbox 921 2705 1118 2739; x_wconf 70' lang='lat' dir='ltr'>maynoque</span> <span class='ocrx_word' id='word_1_288' title='bbox 1153 2698 1275 2728; x_wconf 64' lang='lat' dir='ltr'>exorta</span> <span class='ocrx_word' id='word_1_289' title='bbox 1308 2693 1469 2728; x_wconf 70' lang='lat' dir='ltr'>Gradivo</span> <span class='ocrx_word' id='word_1_290' title='bbox 1503 2702 1590 2736; x_wconf 59' lang='lat' dir='ltr'>(sens</span> <span class='ocrx_word' id='word_1_291' title='bbox 1616 2691 1815 2724; x_wconf 80' lang='lat' dir='ltr'>Amazones</span> 
     </span>
     <span class='ocr_line' id='line_1_37' title="bbox 296 2750 1814 2800; baseline -0.008 -7"><span class='ocrx_word' id='word_1_292' title='bbox 296 2758 426 2793; x_wconf 85' lang='lat' dir='ltr'>iterum</span> <span class='ocrx_word' id='word_1_293' title='bbox 453 2755 647 2800; x_wconf 84' lang='lat' dir='ltr'>significari</span> <span class='ocrx_word' id='word_1_294' title='bbox 679 2755 908 2789; x_wconf 75' lang='lat' dir='ltr'>manifestum</span> <span class='ocrx_word' id='word_1_295' title='bbox 936 2753 974 2788; x_wconf 78' lang='lat' dir='ltr'>fit</span> <span class='ocrx_word' id='word_1_296' title='bbox 1000 2753 1117 2788; x_wconf 73' lang='lat' dir='ltr'>verbis</span> <span class='ocrx_word' id='word_1_297' title='bbox 1145 2763 1235 2796; x_wconf 68' lang='lat' dir='ltr'>quac</span> <span class='ocrx_word' id='word_1_298' title='bbox 1274 2756 1496 2795; x_wconf 82' lang='lat' dir='ltr'>sequuntur:</span> <span class='ocrx_word' id='word_1_299' title='bbox 1534 2750 1710 2790; x_wconf 75' lang='lat' dir='ltr'>femineas</span> <span class='ocrx_word' id='word_1_300' title='bbox 1751 2757 1814 2781; x_wconf 77' lang='lat' dir='ltr'>nec</span> 
     </span>
     <span class='ocr_line' id='line_1_38' title="bbox 300 2816 771 2853; baseline -0.011 -1"><span class='ocrx_word' id='word_1_301' title='bbox 300 2822 339 2853; x_wconf 74' lang='lat' dir='ltr'>tu</span> <span class='ocrx_word' id='word_1_302' title='bbox 367 2827 461 2851; x_wconf 73' lang='lat' dir='ltr'>mmo</span> <span class='ocrx_word' id='word_1_303' title='bbox 488 2816 586 2850; x_wconf 75' lang='lat' dir='ltr'>crede</span> <span class='ocrx_word' id='word_1_304' title='bbox 611 2819 771 2849; x_wconf 62' lang='lat' dir='ltr'>catera-as</span> 
     </span>
    </p>
   </div>
  </div>
 </body>
</html>
