1923 3110
950 116 1002 153 79

215 236 431 272 sententiam
461 236 558 270 veo-ti.
613 244 710 283 quae
741 231 882 268 similia
912 231 1127 281 comparari
1166 234 1335 280 possunt,
1376 241 1506 266 eorum
1538 230 1647 266 varia
1677 234 1735 268 est

218 304 326 339 ratio.
389 315 473 339 cum
505 303 620 339 etiam
651 300 816 351 pedestri
851 312 1025 337 sermone
1056 298 1131 335 dici
1174 300 1318 348 possit:
1359 302 1482 336 classes
1525 305 1597 336 toto
1639 301 1732 335 mari

218 375 456 414 adlabuntwr,
504 377 618 422 poeta
656 369 857 420 pulchram
900 370 1108 417 imaginem
1151 367 1260 415 fingit
1304 366 1447 404 eisdem
1491 367 1617 404 verbis
1660 367 1732 404 hoc

225 442 360 480 ordine
390 456 503 480 usus:
535 448 733 492 totumque
765 439 894 477 adlabi
926 439 1112 476 classibus
1141 450 1284 488 aequor
1315 439 1426 487 (Aen.
1460 438 1510 484 X,
1545 438 1666 490 3269),
1699 444 1735 476 et

220 526 305 550 cum
345 512 422 549 diei
462 512 601 548 soleat:
638 524 763 547 nervos
801 511 999 555 intendere,
1039 508 1115 545 alio
1159 520 1273 545 sensu
1305 506 1460 557 quidem
1503 507 1577 544 sibi
1617 510 1731 546 sumit

221 581 295 629 IX,
328 583 407 618 776
450 593 618 617 numeros
661 582 847 617 intendere
888 583 1015 616 nervis.
1078 578 1174 615 Aen.
1214 575 1329 623 VIII,
1373 578 1452 613 542
1499 584 1530 614 et
1569 581 1731 624 primum

221 654 411 688 Herculeis
439 655 574 697 sopitas
604 653 752 697 ignibus
783 663 869 686 aras
899 644 1070 696 ercitaffi)
1115 653 1217 684 certe
1258 646 1410 683 facilius
1453 646 1732 696 intellegimus:

220 721 330 770 ignes
361 722 506 771 sopitas
537 721 614 756 aris
646 718 848 756 Herculeis
879 719 1032 755 excitat.
1093 715 1161 754 sed
1193 715 1293 753 dixit
1340 722 1452 766 poeta
1484 730 1570 753 aras
1599 721 1734 763 sopitus

181 792 186 797 ”
219 792 367 837 iynibus
383 786 426 837 2),
484 787 588 839 quod
618 794 697 826 est:
738 801 824 825 aras
865 800 1024 838 quorum
1059 791 1158 834 iynes
1187 790 1295 832 sopiti.
1327 792 1441 831 erant,
1489 785 1549 823 vel
1594 787 1736 836 potius:

220 872 313 906 quae
343 872 422 895 cum
451 861 599 906 ignibus
628 862 766 904 sopitae
798 864 911 894 erant.
973 857 1071 894 Aen.
1106 855 1173 901 IV,
1217 857 1296 891 3155)
1338 868 1404 905 pro
1446 854 1595 904 vulgari
1641 868 1731 892 eon-

218 929 432 965 iunctione:
483 941 576 966 mors
607 932 771 965 animam
801 941 947 974 corpore
986 929 1123 963 seducit
1155 925 1249 962 llaec
1289 924 1423 961 habet:
1469 938 1562 962 mors
1604 928 1730 962 anima

218 1000 402 1035 seduxerit
431 1005 542 1035 artus.
593 997 667 1034 huc
689 999 805 1035 etiam
835 996 1048 1034 referantur
1069 995 1142 1041 XI,
1174 998 1254 1032 650
1285 997 1381 1031 lenta
1415 1009 1528 1031 ηιιιηιι
1557 1009 1734 1042 spat-qens

219 1070 364 1105 hastilia
410 1071 548 1114 densat,
594 1080 694 1118 quae
740 1066 856 1104 verba
892 1066 1068 1103 Valerius
1112 1067 1167 1102 sic
1211 1070 1359 1101 mutata
1402 1066 1439 1101 in
1484 1078 1594 1102 suum
1635 1078 1732 1116 opus

223 1138 416 1174 transtulit
448 1137 540 1187 Arg.
569 1137 635 1181 VI,
670 1139 772 1174 229:
805 1139 903 1173 rwlit
933 1150 1037 1183 eques
1068 1139 1180 1172 densa
1211 1148 1387 1181 sparyens
1417 1138 1565 1172 hastilia
1597 1137 1740 1183 (lacera,

222 1204 436 1243 admirabili
470 1213 596 1243 autem
627 1205 790 1243 audacia
821 1220 843 1242 a
876 1205 1046 1255 Vergilio
1079 1204 1222 1242 dictum
1254 1210 1310 1241 cst
1343 1205 1427 1241 Aen
1473 1204 1540 1251 IV,
1574 1206 1679 1242 477:

454 1275 654 1313 consilium
688 1275 797 1312 vultu
829 1277 925 1324 tegit
955 1289 1000 1312 ac
1031 1288 1137 1325 spem
1168 1275 1294 1311 fronte
1326 1280 1488 1311 serenat.

225 1358 310 1382 culn
354 1347 394 1382 in
435 1345 636 1383 verborum
682 1347 960 1395 compositione
1007 1357 1103 1395 quae
1153 1350 1232 1381 est:
1275 1344 1439 1381 frontem
1479 1356 1545 1394 spe
1576 1349 1738 1391 serenat,

226 1414 323 1451 nihil
353 1417 446 1452 insit
476 1417 514 1452 in
548 1429 620 1466 quo
653 1415 822 1461 haereas,
864 1417 903 1452 in
934 1427 990 1461 ea,
1033 1428 1146 1465 quam
1179 1421 1293 1464 poeta
1324 1415 1495 1464 sumpsit,
1529 1415 1656 1450 onmia
1685 1414 1741 1450 vi-

227 1483 364 1522 dentur
396 1498 603 1522 conversa:
646 1498 813 1523 serenare
844 1491 900 1522 est
932 1497 1105 1522 serenum
1146 1483 1327 1531 reddere,
1375 1482 1441 1520 scd
1472 1497 1570 1529 spem
1599 1490 1742 1521 serenat

225 1553 259 1591 h.
293 1554 314 1591 l.
356 1568 430 1592 non
462 1560 519 1592 est
548 1569 646 1602 spem
676 1558 793 1592 reddit
824 1568 1013 1598 sommum,-
1061 1555 1187 1604 potius
1219 1555 1407 1591 sententia
1449 1559 1528 1590 est:
1578 1553 1740 1590 frontem

224 1623 435 1661 serenando
467 1637 572 1675 spem
607 1624 706 1671 facit,
746 1624 901 1661 simulat
917 1622 958 1675 ³³).
1022 1623 1109 1660 huic
1142 1624 1223 1660 loco
1265 1622 1428 1660 audacia
1470 1636 1548 1659 non
1580 1622 1739 1660 multum

229 1693 334 1730 cedit
369 1694 480 1740 VIII,
519 1696 595 1731 143
629 1708 708 1745 sq.:
1424 1745 1427 1750 Ι

459 1764 518 1800 his
549 1764 668 1802 fretus
699 1778 774 1801 non
805 1764 954 1814 legatos
985 1776 1107 1814 neque
1140 1764 1262 1814 prima
1293 1776 1360 1814 per
1390 1768 1510 1800 artem

457 1840 730 1884 temptamenta
763 1835 815 1871 tui
850 1835 988 1885 pepigi.

230 1901 294 1939 ubi
322 1902 542 1953 Conington
574 1904 810 1942 Gossravum
853 1910 1007 1941 secutus
1047 1903 1254 1940 arbitratur
1296 1902 1421 1940 verbis
1451 1906 1583 1949 leglatos
1615 1933 1621 1939 .
1655 1933 1660 1938 .
1696 1934 1700 1939 .
1736 1932 1742 1939 .

232 1978 489 2020 temptamenta
521 2005 688 2011 .....
715 1978 841 2022 pepiqi
871 1987 992 2023 genus
1023 1974 1235 2023 zeugmatis
1257 1974 1389 2010 inesse.
1443 1972 1510 2010 sed
1534 1986 1631 2024 quae
1661 1973 1743 2010 eius

230 2042 375 2093 figurae
407 2043 582 2094 exempla
613 2057 729 2095 supra
759 2043 963 2095 explicavi,
996 2045 1124 2080 omnia
1155 2042 1308 2080 levioris
1338 2044 1488 2092 generis
1519 2048 1617 2079 sunt.
1679 2055 1746 2093 po-

231 2115 306 2150 tius
331 2128 401 2161 per
432 2115 664 2165 praepositio
695 2116 810 2151 etiam
842 2112 891 2150 ad
921 2117 1054 2162 Ieyatos
1085 2111 1314 2150 retrahenda
1336 2118 1404 2159 est,
1436 2125 1534 2164 quae
1565 2114 1744 2149 retractio

232 2196 275 2220 eo
326 2183 477 2220 facilior
522 2183 584 2230 fit,
635 2182 737 2234 quod
782 2183 970 2234 particula
1010 2184 1193 2232 negativa
1234 2183 1429 2233 repetitur.
1492 2181 1584 2219 ordo
1625 2183 1744 2232 igitur

236 2258 293 2290 est
304 2250 359 2304 4);
405 2267 479 2291 non
516 2267 581 2300 per
612 2257 743 2301 leyatos
775 2267 887 2301 neque
911 2267 981 2301 per
1012 2260 1127 2290 artem
1152 2256 1280 2299 prima
1313 2259 1570 2300 temptamenta
1601 2256 1655 2289 tui
1679 2265 1744 2299 pe-

334 2396 367 2438 1)
395 2395 439 2429 cf.
469 2396 563 2439 VIII,
590 2399 659 2431 410
685 2397 835 2432 cinerem
864 2401 894 2432 et
919 2397 1054 2441 sopitos
1079 2398 1231 2432 suscitat
1255 2398 1354 2442 iynes
1381 2413 1424 2426 =
1454 2397 1494 2440 V,
1521 2398 1599 2431 713.

327 2455 362 2497 2)
388 2455 532 2498 {quibus
557 2456 745 2491 Herculeis
772 2456 932 2500 minime,
962 2456 1057 2500 quod
1083 2457 1284 2500 Conington
1312 2463 1441 2500 putare
1469 2455 1620 2499 videtur,
1648 2455 1747 2490 abla-

236 2512 330 2546 tivus
357 2512 589 2549 instrumenti
613 2520 690 2559 est,
732 2515 794 2550 sed
821 2527 899 2550 cum
926 2516 1119 2560 participio
1145 2516 1284 2560 sopitas
1317 2526 1424 2550 sensu
1456 2515 1606 2549 relativo
1643 2515 1749 2549 artis-

235 2582 321 2606 slme
348 2579 585 2607 eomunctum.

329 2633 366 2675 3)
393 2631 492 2666 locus
520 2632 747 2676 Vergilia-nus
774 2637 872 2668 certe
898 2633 934 2666 in
962 2634 1080 2667 animo
1118 2637 1199 2667 erat
1225 2633 1332 2676 Silio,
1371 2644 1450 2668 cum
1487 2632 1635 2677 scripsit
1667 2633 1747 2678 (XI,

239 2691 322 2734 369)
350 2694 379 2724 et
406 2691 525 2724 tristia
548 2690 667 2731 frome
690 2696 867 2726 serenant.

332 2750 368 2793 4)
394 2753 492 2783 recte
517 2749 676 2794 Heynius
703 2750 987 2794 interpretatur:
1027 2760 1102 2784 ‘non
1122 2751 1230 2794 prius
1255 2755 1286 2785 te
1312 2751 1448 2785 tentavi
1466 2761 1534 2795 per
1559 2751 1691 2795 leyatos
1718 2753 1748 2784 et

240 2809 377 2844 callida
402 2809 566 2843 consilia.
599 2813 718 2843 tamen
746 2809 826 2852 plus
846 2812 911 2851 est,
939 2808 1033 2851 quod
1051 2809 1220 2853 legimus:
1248 2813 1498 2854 temptamenta
1517 2836 1523 2844 .
1543 2836 1551 2844 .
1571 2837 1577 2843 .
1599 2837 1603 2842 .
1618 2809 1751 2853 pepigi.
