1923 3110
968 152 988 185 6
996 151 1018 186 2

286 263 383 301 Aen.
420 263 464 306 V,
499 265 573 300 4211
612 277 709 300 nunc
741 263 822 313 hos,
855 278 958 301 nunc
990 265 1074 301 illos
1107 264 1233 301 aditus
1265 278 1489 316 omnemque
1520 272 1689 316 pererrat

608 339 689 370 arte
720 333 855 370 locum.

224 410 307 453 post
340 405 484 448 aditus,
529 400 633 452 quod
664 405 743 449 hos,
787 406 862 440 illos
902 401 1112 447 antecedit,
1161 402 1318 439 verbum
1350 401 1629 450 desideramus3
1675 402 1742 440 sed

223 474 396 524 sequitur
445 485 529 509 cum
572 471 689 509 verbo
737 474 889 510 tertium
930 472 1118 509 obiectum
1166 472 1354 522 particula
1394 487 1461 521 que
1495 471 1739 510 adiunctum:

222 556 345 594 neque
378 549 548 590 pererrat
593 549 649 580 cst
682 542 851 588 verbum,
898 541 999 592 quod
1032 540 1081 578 ad
1113 545 1237 580 aditus
1282 541 1568 590 desideramu33
1616 544 1743 593 potius

223 618 355 664 aptum
388 618 487 650 esset
518 619 675 659 temptat.
746 612 898 649 facilius
930 618 1055 649 autem
1089 612 1165 649 tale
1196 613 1500 662 supplementum
1539 613 1590 657 fit,
1641 610 1743 663 quod

222 685 435 721 sententiae
468 682 678 727 inclinatio,
720 694 818 732 quae
851 682 920 719 lioc
954 680 1064 718 niodo
1096 681 1197 718 facta
1229 688 1297 727 est,
1340 696 1384 720 eo
1417 682 1608 719 indicatur
1638 681 1742 733 quod

219 755 371 791 tertium
404 752 592 790 obiectum
625 766 698 789 non
731 758 771 788 ut
804 757 930 788 cetera
961 766 1061 788 *nemo
1093 751 1291 802 particula⁷
1323 751 1390 789 sed
1422 751 1641 802 copulativa
1673 764 1739 798 quc

222 823 456 873 adiungitur.
522 822 583 859 hic
615 835 746 859 versus
778 822 854 858 fere
887 824 1068 871 repetitus
1100 828 1177 859 est:

280 905 375 942 Aen.
399 905 471 950 XI,
498 905 576 941 766
612 903 679 940 hos
711 901 839 940 aditus
870 904 1022 954 iainque
1055 903 1124 940 lios
1156 902 1284 940 aditus
1317 915 1544 953 omnemque
1572 909 1743 953 pererrat

610 973 779 1023 undique
810 975 1021 1009 circuitum.

221 1057 344 1095 neque
393 1043 559 1081 dubitari
601 1043 731 1089 debet,
778 1044 871 1093 quin
902 1050 1016 1093 poeta
1048 1044 1084 1079 in
1116 1043 1294 1093 perfectis
1325 1042 1504 1080 habuerit
1534 1055 1686 1080 versum
1718 1055 1740 1078 a

223 1113 439 1151 Ribbeckio
470 1119 558 1164 post
591 1113 818 1164 Bryantiuin
851 1111 1071 1150 damnatum
1106 1113 1173 1158 IV,
1208 1114 1317 1151 375:

451 1184 631 1220 amissam
663 1182 834 1234 classem,
862 1181 866 1235 Ι
895 1185 1018 1220 socios
1050 1196 1071 1219 a
1103 1188 1223 1220 morte
1255 1182 1401 1220 reduxi.

220 1267 318 1306 quae
365 1253 481 1291 verba
523 1258 611 1290 sunt
644 1251 820 1300 Didonis,
873 1266 971 1304 quae
1011 1254 1182 1302 graviter
1220 1258 1345 1289 mente
1392 1251 1546 1289 turbata
1577 1252 1737 1289 Aenean

215 1322 400 1376 perfidiae
431 1330 468 1360 et
500 1324 618 1360 animi
650 1324 791 1372 ingrati
824 1324 1007 1372 coarguit.
1071 1329 1185 1373 atque
1218 1322 1395 1359 hocloco
1417 1321 1603 1372 idipsum
1633 1320 1736 1372 quod

218 1396 410 1448 particula
454 1395 677 1446 copulativa
723 1394 832 1432 deest
879 1394 997 1432 efficit
1043 1401 1084 1431 nt
1137 1394 1287 1432 facilius
1333 1393 1438 1431 aliud
1483 1393 1643 1431 verbum
1686 1391 1735 1430 ad

216 1471 388 1506 amissam
433 1469 577 1503 classem
628 1464 881 1502 subaudiatur
927 1478 1039 1515 quarn
1089 1465 1190 1515 quod
1236 1464 1349 1502 alteri
1391 1462 1561 1511 accedit3
1613 1476 1737 1514 neque

217 1539 329 1587 enim⁷
378 1538 409 1573 si
446 1548 515 1586 pro
558 1534 686 1572 verbis
728 1550 751 1571 a
796 1542 906 1571 morte
938 1538 1067 1572 resluoei
1099 1533 1205 1571 aliud
1242 1534 1400 1572 verbum
1431 1535 1597 1584 positum
1628 1538 1737 1580 esset,

218 1606 318 1660 quod
350 1607 464 1644 etiam
497 1604 678 1642 facillime
710 1603 758 1640 ad
797 1604 957 1641 alterum
1001 1604 1189 1642 obiectum
1234 1608 1405 1642 antissam
1447 1607 1587 1641 classem
1619 1608 1738 1640 retra·

216 1677 381 1720 heretur,
413 1681 541 1713 tamen
572 1687 618 1712 ne
650 1673 690 1711 id
723 1673 879 1725 quidem
900 1674 1146 1712 satisfaceret.
1209 1673 1313 1724 quod
1335 1675 1450 1711 etiam
1472 1675 1591 1711 sensit
1608 1672 1737 1711 Peerl-

218 1751 410 1800 campiuS,
445 1749 508 1799 qui
540 1760 608 1784 suo
639 1747 794 1796 ingenio
826 1760 918 1783 usus
949 1747 1131 1783 coniecit:
1184 1761 1207 1783 ιι
1237 1750 1396 1792 flammis
1425 1749 1583 1790 classem,
1627 1731 1762 1783 socios.

216 1835 239 1858 α
270 1826 380 1856 morte
411 1820 563 1862 mlum,-
609 1815 673 1853 sed
709 1817 938 1857 coniectura,
971 1817 1148 1866 quamvis
1180 1814 1308 1865 lepida
1339 1816 1398 1856 sit,
1446 1819 1513 1861 est,
1555 1821 1596 1850 ut
1626 1814 1734 1860 solet,

213 1888 371 1927 inutilis.
435 1893 536 1924 certe
567 1892 680 1937 poeta
712 1885 833 1922 voluit
864 1898 911 1922 ex
945 1884 1059 1922 verbo
1092 1884 1202 1922 alteri
1235 1884 1384 1921 obiecto
1423 1886 1563 1934 optime
1604 1889 1734 1934 aptato

216 1958 265 1997 ad
296 1959 402 2010 prius
433 1955 630 1994 subaudiri
664 1955 822 1993 verbum
855 1953 1012 2005 aliquod
1046 1954 1180 1991 latiore
1212 1967 1336 2001 sensu,
1368 1953 1482 2004 quale
1504 1958 1560 1990 est
1585 1957 1727 1991 servavi.

221 2042 281 2067 res
312 2027 448 2066 similis
481 2032 554 2064 est:

338 2110 429 2155 VH,
464 2110 543 2145 779
578 2105 803 2158 cornipedes
834 2112 1012 2154 arcentur
1043 2108 1142 2156 equi,
1176 2104 1277 2156 quod
1308 2105 1419 2143 litore
1452 2118 1600 2142 currum

571 2183 607 2216 et
638 2179 813 2215 iuvenem
846 2177 1025 2213 monstris
1057 2175 1189 2226 pavidi
1221 2174 1387 2213 effudere
1420 2176 1587 2212 marinis.

337 2249 423 2291 VII,
458 2250 539 2285 430
753 2253 788 2284 et
822 2246 1026 2297 Phrygios,
1061 2247 1124 2296 qui
1157 2245 1313 2282 flumine
1344 2244 1504 2295 pulchro

569 2316 786 2357 consedere,
819 2316 934 2353 duces
964 2316 967 2367 Ι
996 2317 1195 2367 pictasque
1228 2327 1345 2352 exure
1378 2316 1534 2351 carinas.

330 2389 420 2431 VII,
458 2389 537 2425 6922
572 2400 680 2438 quem
714 2399 836 2437 neque
868 2385 925 2423 fas
956 2387 1037 2435 igni
1069 2387 1245 2436 cuiquam
1275 2384 1279 2436 Ι
1307 2396 1375 2421 nec
1407 2389 1574 2420 sternere
1606 2382 1714 2420 ferro.

215 2485 303 2510 nam
335 2473 491 2517 effudere
523 2475 670 2506 tantum
702 2467 864 2519 quadrat
898 2466 945 2504 ad
977 2469 1165 2513 iuvenem,
1206 2478 1328 2516 neque
1360 2468 1465 2502 duces
1496 2478 1604 2502 emm-e
1637 2478 1729 2516 qua-

214 2541 299 2579 drat
341 2551 465 2591 neque
506 2546 662 2576 sternere
705 2541 781 2585 {qni
822 2538 1039 2574 coniunctio
1085 2542 1141 2573 est
1181 2541 1258 2572 tani
1296 2540 1386 2585 apta
1429 2548 1544 2585 quam
1573 2541 1730 2572 sternere

214 2616 322 2659 ferro.
385 2608 509 2646 simile
541 2607 725 2659 quiddam
759 2606 899 2645 accidit
930 2606 983 2653 II,
1017 2606 1118 2642 258:

444 2690 613 2728 inclusos
644 2695 750 2728 utero
783 2690 941 2727 Danaos
969 2684 972 2728 Ι
1001 2692 1037 2725 et
1069 2688 1181 2737 pinea
1214 2685 1344 2723 furtim

448 2759 554 2797 laxat
587 2759 753 2797 claustra
786 2759 915 2796 Sinon.

214 2844 277 2884 ubi
312 2848 471 2894 apparet
503 2843 710 2879 sententiae
743 2840 1027 2879 inclinationem
1059 2837 1199 2875 factam
1232 2849 1312 2875 csse
1344 2835 1392 2874 ab
1425 2837 1478 2874 eis
1516 2836 1579 2886 qni
1625 2833 1724 2872 clau-
