1923 3110
943 110 993 145 74

811 249 1012 298 Caput,
1044 249 1135 290 VI.

294 365 360 408 De
392 365 707 409 translatione
738 367 961 411 adiectivi
995 370 1040 411 et
1071 368 1320 422 hypallage
1353 367 1556 423 quadam
1588 368 1633 410 ei

424 427 428 430 Δ
862 441 1075 492 cognata.

324 575 381 611 De
414 575 622 625 hypallage
654 582 691 613 et
723 579 926 627 praecipue
959 575 1006 613 de
1037 576 1240 613 adiectivis
1272 576 1468 613 translatis
1496 589 1581 613 cum
1604 577 1719 613 etiam

207 643 270 679 alii
292 641 319 693 ¹)
352 646 511 693 egerint,
543 651 669 683 tamen
702 659 810 696 spero
843 660 917 682 non
949 646 1087 683 inutile
1119 645 1199 683 fore
1231 645 1280 682 ad
1312 652 1430 683 artem
1454 645 1719 695 Vergilianam

151 703 153 706 ¹
208 714 414 751 artioribus
454 715 640 752 limitibus
682 715 971 753 describendam
1017 729 1115 766 quae
1151 729 1235 753 cum
1276 716 1436 753 aliorum
1469 722 1548 753 tum
1579 715 1719 754 Jacobi

207 782 552 835 disputationibus,
596 787 657 836 qui
702 787 740 822 in
772 789 1042 832 qzmestionibzos
1073 790 1180 832 epicis
1212 785 1258 822 de
1291 785 1493 823 adiectivis
1523 786 1719 822 translatis

213 853 333 891 multa
364 853 552 901 disseruit,
586 854 725 892 addere
748 855 841 892 mihi
872 857 909 892 in
944 857 1069 892 animo
1102 861 1170 894 est.

329 924 435 961 Inter
484 925 647 962 artificia
692 931 889 976 poetarum
930 928 1130 963 notissima
1185 931 1243 964 cst
1288 924 1488 962 translatio
1531 924 1726 972 adiectivi‚

217 1007 315 1044 quae
347 1008 368 1030 a
400 996 554 1032 nomine
585 995 826 1032 substantivo
860 1009 914 1042 eo,
956 995 1005 1032 ad
1047 995 1149 1046 quod
1190 1009 1303 1033 sensu
1339 996 1507 1044 genuino
1550 995 1725 1046 quadrat,

214 1066 251 1100 in
284 1063 387 1101 aliud
422 1064 483 1112 fit3
526 1070 640 1115 atque
678 1079 762 1102 cum
794 1067 926 1102 mirari
958 1078 1192 1116 nequeamus
1223 1070 1354 1116 poetas
1386 1077 1430 1102 ea
1460 1065 1583 1114 figura
1615 1078 1728 1115 saepe

211 1146 299 1169 usos
321 1146 414 1179 esse,
447 1138 487 1170 ut
509 1133 715 1171 dictionem
739 1134 987 1172 cottidianam
1008 1141 1049 1172 ut
1071 1137 1186 1172 nimis
1218 1137 1358 1172 siccam
1390 1136 1591 1181 evitarent,
1623 1133 1726 1185 apud

213 1208 357 1253 poetas,
394 1202 533 1253 quibus
564 1205 761 1253 ingenium
794 1206 984 1255 poeticum
1018 1207 1078 1250 sit,
1115 1204 1179 1241 ubi
1214 1218 1257 1241 ea
1289 1204 1490 1241 translatio
1522 1205 1727 1251 invenitur,

214 1274 420 1323 quaeritur,
451 1287 497 1309 an
532 1272 777 1323 diligentiore
808 1276 1124 1325 interpretafflmm
1155 1274 1273 1324 digna
1304 1276 1353 1311 sit
1384 1287 1498 1325 quam
1531 1287 1585 1319 ea,
1619 1286 1727 1324 quae,

216 1347 255 1377 ut
286 1340 364 1378 fieri
400 1342 508 1389 solet,
548 1342 672 1391 figura
712 1343 884 1380 indicata
921 1343 992 1380 sibi
1029 1345 1225 1380 existimat
1255 1343 1494 1380 satisfecisse.
1557 1355 1646 1379 sane
1688 1344 1728 1379 in

216 1410 431 1448 attributivi
466 1412 727 1449 translationis
768 1412 933 1464 quodam
971 1426 1108 1463 genere
1141 1419 1244 1450 certa
1275 1413 1372 1449 ratio
1404 1413 1568 1449 inveniri
1599 1413 1732 1463 nequit

214 1482 287 1517 nisi
323 1494 377 1527 ea,
426 1487 468 1518 ut
513 1484 738 1533 compositio
786 1483 988 1520 verborum
1034 1483 1149 1534 paulo
1196 1484 1418 1520 inusitatior
1459 1482 1526 1519 fiat
1566 1481 1729 1533 ideoque

218 1551 332 1587 altius
364 1556 482 1588 sonet.
530 1553 584 1588 ita
615 1552 817 1589 Lucretius
851 1553 897 1599 V,
934 1555 1009 1590 :242

352 1621 445 1672 quid
475 1621 753 1659 Nemeaeus
786 1624 884 1660 enim
917 1623 1027 1660 nobis
1059 1637 1161 1660 nunc
1191 1636 1355 1672 magnus
1386 1622 1560 1659 hiatus

359 1691 425 1729 ille
457 1692 628 1729 leonis
661 1692 812 1729 obesset
844 1699 879 1730 et
911 1693 1067 1730 horrens
1100 1691 1291 1729 Arcadius
1322 1691 1420 1728 sus?

217 1763 530 1812 compositionem
562 1761 768 1798 verborum
800 1775 843 1799 eo
876 1764 1024 1799 variare
1057 1761 1214 1809 studuit,
1259 1766 1301 1798 ut
1340 1760 1586 1804 adieetivum,
1631 1758 1734 1810 quod

218 1831 314 1868 solet
365 1845 450 1868 cum
491 1831 604 1868 leone
647 1833 854 1880 coniungi,
908 1834 1110 1868 Nemeaeus
1150 1830 1393 1867 substantivo
1440 1830 1587 1879 regenti
1630 1828 1733 1866 adie-

219 1902 313 1937 cerit
344 1906 380 1937 et
412 1903 460 1937 sit
493 1903 695 1938 Nemeaeus
725 1905 848 1939 hiatus
878 1905 996 1938 leonis.
1049 1900 1185 1937 similis
1217 1906 1341 1937 autem
1374 1899 1574 1936 translatio
1606 1897 1731 1936 adiec—

223 1972 293 2007 tivi
328 1984 374 2007 ex
406 1972 560 2008 nomine
592 1973 747 2022 proprio
781 1970 895 2017 ducti,
929 1973 1037 2008 cuius
1068 1970 1245 2021 exempla
1267 1969 1499 2006 Lucretiana
1529 1967 1664 2006 videas
1685 1967 1735 2005 ad

218 2041 287 2087 IV,
311 2042 391 2078 733
426 2054 447 2077 a
469 2040 676 2078 Giussanio
708 2041 880 2087 collecta,
914 2040 1017 2091 apud
1040 2040 1253 2089 Vergilium
1286 2052 1440 2090 perraro
1462 2043 1668 2088 usurpatur
1689 2043 1737 2086 et,

222 2111 287 2147 ubi
320 2113 524 2158 invenitur,
568 2113 695 2148 minus
738 2110 897 2148 offendit
940 2124 1053 2162 quam
1098 2111 1324 2160 compositio
1366 2109 1606 2146 Lucretiana.
1647 2121 1736 2144 nam

220 2180 316 2219 Aen.
352 2181 465 2228 VIII,
501 2183 603 2218 526:

551 2251 854 2301 Tyrrhenusque
886 2250 1000 2288 tubae
1030 2251 1179 2299 mugire
1211 2262 1278 2300 per
1310 2248 1464 2285 aethera
1495 2247 1665 2296 clangor,

224 2326 261 2357 et
291 2320 386 2367 XII,
421 2321 500 2357 739
554 2326 758 2371 postquam
791 2334 896 2357 arma
927 2319 987 2356 dei
1022 2318 1067 2355 ad
1089 2318 1279 2355 Volcania
1298 2321 1502 2362 ventumst,

220 2393 303 2442 ipsa
328 2392 554 2441 compositio
578 2403 675 2441 quae
697 2395 754 2427 est
779 2393 986 2438 Tyro-hemis
1017 2392 1164 2435 σῑαπῃον
1181 2386 1209 2437 ²)
1243 2393 1279 2424 et
1310 2389 1481 2423 Volcania
1513 2400 1617 2422 arma
1639 2385 1735 2422 nihil

322 2564 355 2601 1)
382 2561 443 2594 ubi
470 2560 513 2594 de
540 2571 581 2594 ea
608 2560 723 2604 figura
751 2564 869 2594 actum
898 2560 955 2602 sit,
990 2558 1112 2593 rideas
1140 2570 1182 2591 ex
1210 2558 1455 2602 disputatione
1491 2557 1534 2591 de
1572 2556 1739 2591 adiectivi

222 2621 407 2664 enallage,
448 2632 553 2663 quam
589 2620 793 2664 nuperrime
830 2619 975 2663 scripsit
1014 2620 1126 2653 (lsear
1152 2619 1228 2663 lley
1267 2617 1468 2657 (Wolfflins
1511 2616 1615 2650 Arch.
1644 2616 1738 2658 XlV,

221 2691 254 2724 p.
287 2683 350 2713 105
377 2680 429 2723 ff.)

320 2742 356 2779 2)
381 2739 424 2772 ‹·f.
455 2742 543 2771 Stat.
573 2738 766 2775 Ἰ’11(·11.]Ι[,
794 2742 862 2770 ‹im›
897 2738 1102 2783 Tyrrhenus
1140 2737 1286 2782 clamysor
1325 2741 1359 2769 ct
1386 2736 1445 2779 VI,
1473 2737 1540 2770 382
1579 2733 1741 2769 insonuit

223 2804 346 2835 contra
380 2800 598 2845 Zyrrlaenmn
624 2809 795 2832 murmur.
