<?xml version="1.0" encoding="UTF-8"?>
<!DOCTYPE html PUBLIC "-//W3C//DTD XHTML 1.0 Transitional//EN"
    "http://www.w3.org/TR/xhtml1/DTD/xhtml1-transitional.dtd">
<html xmlns="http://www.w3.org/1999/xhtml" xml:lang="en" lang="en">
 <head>
  <title>
</title>
<meta http-equiv="Content-Type" content="text/html;charset=utf-8" />
  <meta name='ocr-system' content='tesseract 3.04.00' />
  <meta name='ocr-capabilities' content='ocr_page ocr_carea ocr_par ocr_line ocrx_word'/>
</head>
<body>
  <div class='ocr_page' id='page_1' title='image "./devirgiliisermon00druoft_0035.png"; bbox 0 0 1923 3110; ppageno 0'>
   <div class='ocr_carea' id='block_1_1' title="bbox 920 100 969 135">
    <p class='ocr_par' dir='ltr' id='par_1_1' title="bbox 920 100 969 135">
     <span class='ocr_line' id='line_1_1' title="bbox 920 100 969 135; baseline 0 0"><span class='ocrx_word' id='word_1_1' title='bbox 920 100 969 135; x_wconf 66' lang='lat'>05</span> 
     </span>
    </p>
   </div>
   <div class='ocr_carea' id='block_1_2' title="bbox 921 124 955 136">
    <p class='ocr_par' dir='ltr' id='par_1_2' title="bbox 921 124 955 136">
     <span class='ocr_line' id='line_1_2' title="bbox 921 124 955 136; baseline 0 -4"><span class='ocrx_word' id='word_1_2' title='bbox 921 124 955 136; x_wconf 54' lang='lat' dir='ltr'>a·</span> 
     </span>
    </p>
   </div>
   <div class='ocr_carea' id='block_1_3' title="bbox 181 212 1691 834">
    <p class='ocr_par' dir='ltr' id='par_1_3' title="bbox 181 212 1691 834">
     <span class='ocr_line' id='line_1_3' title="bbox 181 212 1691 263; baseline -0.005 -9"><span class='ocrx_word' id='word_1_3' title='bbox 181 216 338 254; x_wconf 87' lang='lat' dir='ltr'>verbum</span> <span class='ocrx_word' id='word_1_4' title='bbox 381 215 558 255; x_wconf 74' lang='grc' dir='ltr'>κάθισαν</span> <span class='ocrx_word' id='word_1_5' title='bbox 602 212 795 251; x_wconf 79' lang='lat' dir='ltr'>antecedit</span> <span class='ocrx_word' id='word_1_6' title='bbox 836 213 1026 253; x_wconf 62' lang='grc' dir='ltr'>παῦσανΡ</span> <span class='ocrx_word' id='word_1_7' title='bbox 1084 217 1244 263; x_wconf 85' lang='lat' dir='ltr'>utroque</span> <span class='ocrx_word' id='word_1_8' title='bbox 1285 212 1367 250; x_wconf 83' lang='lat' dir='ltr'>loeo</span> <span class='ocrx_word' id='word_1_9' title='bbox 1409 224 1480 256; x_wconf 61' lang='lat' dir='ltr'>res⁴</span> <span class='ocrx_word' id='word_1_10' title='bbox 1512 212 1691 262; x_wconf 79' lang='lat' dir='ltr'>primaria</span> 
     </span>
     <span class='ocr_line' id='line_1_4' title="bbox 184 285 676 336; baseline -0.006 -13"><span class='ocrx_word' id='word_1_11' title='bbox 184 287 310 336; x_wconf 86' lang='lat' dir='ltr'>priore</span> <span class='ocrx_word' id='word_1_12' title='bbox 340 285 424 322; x_wconf 88' lang='lat' dir='ltr'>loeo</span> <span class='ocrx_word' id='word_1_13' title='bbox 454 286 579 336; x_wconf 85' lang='lat' dir='ltr'>posita</span> <span class='ocrx_word' id='word_1_14' title='bbox 611 290 676 321; x_wconf 84' lang='lat' dir='ltr'>est.</span> 
     </span>
     <span class='ocr_line' id='line_1_5' title="bbox 296 362 1463 414; baseline -0.004 -10"><span class='ocrx_word' id='word_1_15' title='bbox 296 367 343 414; x_wconf 79' lang='lat' dir='ltr'>V,</span> <span class='ocrx_word' id='word_1_16' title='bbox 379 368 456 406; x_wconf 87' lang='lat'>130</span> <span class='ocrx_word' id='word_1_17' title='bbox 1192 362 1294 400; x_wconf 89' lang='lat' dir='ltr'>unde</span> <span class='ocrx_word' id='word_1_18' title='bbox 1326 364 1463 400; x_wconf 87' lang='lat' dir='ltr'>reverti</span> 
     </span>
     <span class='ocr_line' id='line_1_6' title="bbox 498 433 1464 483; baseline -0.004 -11"><span class='ocrx_word' id='word_1_19' title='bbox 498 437 638 473; x_wconf 83' lang='lat' dir='ltr'>seirent</span> <span class='ocrx_word' id='word_1_20' title='bbox 668 440 706 472; x_wconf 87' lang='lat' dir='ltr'>et</span> <span class='ocrx_word' id='word_1_21' title='bbox 737 434 869 483; x_wconf 85' lang='lat' dir='ltr'>longos</span> <span class='ocrx_word' id='word_1_22' title='bbox 902 433 963 471; x_wconf 88' lang='lat' dir='ltr'>ubi</span> <span class='ocrx_word' id='word_1_23' title='bbox 997 433 1292 471; x_wconf 77' lang='lat' dir='ltr'>circumflectere</span> <span class='ocrx_word' id='word_1_24' title='bbox 1323 445 1464 470; x_wconf 77' lang='lat' dir='ltr'>cursus.</span> 
     </span>
     <span class='ocr_line' id='line_1_7' title="bbox 270 501 1494 556; baseline -0.005 -12"><span class='ocrx_word' id='word_1_25' title='bbox 270 506 341 556; x_wconf 85' lang='lat' dir='ltr'>VI,</span> <span class='ocrx_word' id='word_1_26' title='bbox 379 507 454 544; x_wconf 82' lang='lat'>115</span> <span class='ocrx_word' id='word_1_27' title='bbox 488 511 530 542; x_wconf 88' lang='lat' dir='ltr'>ut</span> <span class='ocrx_word' id='word_1_28' title='bbox 560 510 598 542; x_wconf 88' lang='lat' dir='ltr'>te</span> <span class='ocrx_word' id='word_1_29' title='bbox 627 503 790 555; x_wconf 79' lang='lat' dir='ltr'>supplex</span> <span class='ocrx_word' id='word_1_30' title='bbox 824 509 993 554; x_wconf 83' lang='lat' dir='ltr'>peterem</span> <span class='ocrx_word' id='word_1_31' title='bbox 1024 508 1061 540; x_wconf 89' lang='lat' dir='ltr'>et</span> <span class='ocrx_word' id='word_1_32' title='bbox 1092 508 1157 540; x_wconf 89' lang='lat' dir='ltr'>tua</span> <span class='ocrx_word' id='word_1_33' title='bbox 1188 503 1321 539; x_wconf 87' lang='lat' dir='ltr'>limina</span> <span class='ocrx_word' id='word_1_34' title='bbox 1352 501 1494 539; x_wconf 85' lang='lat' dir='ltr'>adirem</span> 
     </span>
     <span class='ocr_line' id='line_1_8' title="bbox 267 574 1453 624; baseline -0.005 -9"><span class='ocrx_word' id='word_1_35' title='bbox 267 578 336 624; x_wconf 91' lang='lat' dir='ltr'>VI,</span> <span class='ocrx_word' id='word_1_36' title='bbox 370 577 449 614; x_wconf 83' lang='lat'>365</span> <span class='ocrx_word' id='word_1_37' title='bbox 1020 580 1085 611; x_wconf 84' lang='lat' dir='ltr'>aut</span> <span class='ocrx_word' id='word_1_38' title='bbox 1116 580 1158 610; x_wconf 90' lang='lat' dir='ltr'>tu</span> <span class='ocrx_word' id='word_1_39' title='bbox 1188 574 1280 610; x_wconf 84' lang='lat' dir='ltr'>mihi</span> <span class='ocrx_word' id='word_1_40' title='bbox 1314 580 1453 610; x_wconf 81' lang='lat' dir='ltr'>terram</span> 
     </span>
     <span class='ocr_line' id='line_1_9' title="bbox 486 642 1539 695; baseline -0.003 -13"><span class='ocrx_word' id='word_1_41' title='bbox 486 647 585 682; x_wconf 84' lang='lat' dir='ltr'>inice</span> <span class='ocrx_word' id='word_1_42' title='bbox 615 657 777 695; x_wconf 86' lang='lat' dir='ltr'>namque</span> <span class='ocrx_word' id='word_1_43' title='bbox 811 649 918 695; x_wconf 79' lang='lat' dir='ltr'>potes</span> <span class='ocrx_word' id='word_1_44' title='bbox 950 649 1157 695; x_wconf 84' lang='lat' dir='ltr'>portusque</span> <span class='ocrx_word' id='word_1_45' title='bbox 1188 645 1338 695; x_wconf 75' lang='lat' dir='ltr'>require</span> <span class='ocrx_word' id='word_1_46' title='bbox 1370 642 1539 680; x_wconf 88' lang='lat' dir='ltr'>Velinos.</span> 
     </span>
     <span class='ocr_line' id='line_1_10' title="bbox 267 711 1531 766; baseline -0.003 -14"><span class='ocrx_word' id='word_1_47' title='bbox 267 717 336 762; x_wconf 94' lang='lat' dir='ltr'>VI,</span> <span class='ocrx_word' id='word_1_48' title='bbox 371 717 449 754; x_wconf 77' lang='lat'>565</span> <span class='ocrx_word' id='word_1_49' title='bbox 483 718 567 766; x_wconf 80' lang='lat' dir='ltr'>ipsa</span> <span class='ocrx_word' id='word_1_50' title='bbox 598 713 711 751; x_wconf 89' lang='lat' dir='ltr'>deum</span> <span class='ocrx_word' id='word_1_51' title='bbox 744 726 884 764; x_wconf 83' lang='lat' dir='ltr'>poenas</span> <span class='ocrx_word' id='word_1_52' title='bbox 915 713 1045 751; x_wconf 82' lang='lat' dir='ltr'>docuit</span> <span class='ocrx_word' id='word_1_53' title='bbox 1077 726 1221 765; x_wconf 87' lang='lat' dir='ltr'>perque</span> <span class='ocrx_word' id='word_1_54' title='bbox 1251 714 1379 750; x_wconf 85' lang='lat' dir='ltr'>omnia</span> <span class='ocrx_word' id='word_1_55' title='bbox 1408 711 1531 749; x_wconf 83' lang='lat' dir='ltr'>duxit.</span> 
     </span>
     <span class='ocr_line' id='line_1_11' title="bbox 183 781 1492 834; baseline -0.005 -10"><span class='ocrx_word' id='word_1_56' title='bbox 183 795 188 799; x_wconf 56' lang='lat'><strong>⁴</strong></span> <span class='ocrx_word' id='word_1_57' title='bbox 228 786 340 831; x_wconf 71' lang='lat' dir='ltr'>VIII,</span> <span class='ocrx_word' id='word_1_58' title='bbox 374 788 451 823; x_wconf 84' lang='lat'>611</span> <span class='ocrx_word' id='word_1_59' title='bbox 487 784 628 822; x_wconf 78' lang='lat' dir='ltr'>talibus</span> <span class='ocrx_word' id='word_1_60' title='bbox 661 783 793 820; x_wconf 78' lang='lat' dir='ltr'>adfata</span> <span class='ocrx_word' id='word_1_61' title='bbox 823 789 879 820; x_wconf 83' lang='lat' dir='ltr'>est</span> <span class='ocrx_word' id='word_1_62' title='bbox 910 781 1025 821; x_wconf 75' lang='lat' dir='ltr'>dictis</span> <span class='ocrx_word' id='word_1_63' title='bbox 1058 796 1172 834; x_wconf 88' lang='lat' dir='ltr'>seque</span> <span class='ocrx_word' id='word_1_64' title='bbox 1205 782 1341 820; x_wconf 76' lang='lat' dir='ltr'>obtulit</span> <span class='ocrx_word' id='word_1_65' title='bbox 1373 782 1492 819; x_wconf 87' lang='lat' dir='ltr'>ultro:</span> 
     </span>
    </p>
   </div>
   <div class='ocr_carea' id='block_1_4' title="bbox 183 877 1571 1008">
    <p class='ocr_par' dir='ltr' id='par_1_4' title="bbox 183 877 1571 1008">
     <span class='ocr_line' id='line_1_12' title="bbox 183 877 1134 929; baseline -0.004 -12"><span class='ocrx_word' id='word_1_66' title='bbox 183 879 256 927; x_wconf 89' lang='lat' dir='ltr'>IX,</span> <span class='ocrx_word' id='word_1_67' title='bbox 289 881 369 916; x_wconf 82' lang='lat'>409</span> <span class='ocrx_word' id='word_1_68' title='bbox 404 884 517 929; x_wconf 88' lang='lat' dir='ltr'>poeta</span> <span class='ocrx_word' id='word_1_69' title='bbox 545 878 655 927; x_wconf 79' lang='lat' dir='ltr'>fingit</span> <span class='ocrx_word' id='word_1_70' title='bbox 687 877 823 914; x_wconf 78' lang='lat' dir='ltr'>Nisum</span> <span class='ocrx_word' id='word_1_71' title='bbox 857 878 908 913; x_wconf 79' lang='lat' dir='ltr'>sic</span> <span class='ocrx_word' id='word_1_72' title='bbox 942 883 1134 914; x_wconf 84' lang='lat' dir='ltr'>orantem:</span> 
     </span>
     <span class='ocr_line' id='line_1_13' title="bbox 351 957 1571 1008; baseline -0.006 -10"><span class='ocrx_word' id='word_1_73' title='bbox 351 960 453 998; x_wconf 85' lang='lat' dir='ltr'>hunc.</span> <span class='ocrx_word' id='word_1_74' title='bbox 484 961 566 997; x_wconf 88' lang='lat' dir='ltr'>sine</span> <span class='ocrx_word' id='word_1_75' title='bbox 596 971 655 996; x_wconf 91' lang='lat' dir='ltr'>me</span> <span class='ocrx_word' id='word_1_76' title='bbox 687 959 840 996; x_wconf 87' lang='lat' dir='ltr'>turbare</span> <span class='ocrx_word' id='word_1_77' title='bbox 871 958 1025 1008; x_wconf 82' lang='lat' dir='ltr'>globum</span> <span class='ocrx_word' id='word_1_78' title='bbox 1058 964 1094 995; x_wconf 87' lang='lat' dir='ltr'>et</span> <span class='ocrx_word' id='word_1_79' title='bbox 1126 970 1213 1007; x_wconf 81' lang='lat' dir='ltr'>rege</span> <span class='ocrx_word' id='word_1_80' title='bbox 1246 957 1321 995; x_wconf 80' lang='lat' dir='ltr'>tela</span> <span class='ocrx_word' id='word_1_81' title='bbox 1353 969 1419 1008; x_wconf 86' lang='lat' dir='ltr'>per</span> <span class='ocrx_word' id='word_1_82' title='bbox 1450 968 1571 993; x_wconf 68' lang='lat' dir='ltr'>aurae.</span> 
     </span>
    </p>
   </div>
   <div class='ocr_carea' id='block_1_5' title="bbox 179 1037 1694 1093">
    <p class='ocr_par' dir='ltr' id='par_1_5' title="bbox 179 1037 1694 1093">
     <span class='ocr_line' id='line_1_14' title="bbox 179 1037 1694 1093; baseline -0.005 -13"><span class='ocrx_word' id='word_1_83' title='bbox 179 1043 258 1080; x_wconf 79' lang='lat' dir='ltr'>scil.</span> <span class='ocrx_word' id='word_1_84' title='bbox 291 1044 412 1093; x_wconf 84' lang='lat' dir='ltr'>primo</span> <span class='ocrx_word' id='word_1_85' title='bbox 444 1042 528 1078; x_wconf 86' lang='lat' dir='ltr'>loeo</span> <span class='ocrx_word' id='word_1_86' title='bbox 560 1041 760 1087; x_wconf 77' lang='lat' dir='ltr'>dicentem,</span> <span class='ocrx_word' id='word_1_87' title='bbox 793 1039 884 1091; x_wconf 89' lang='lat' dir='ltr'>quid</span> <span class='ocrx_word' id='word_1_88' title='bbox 918 1040 1014 1077; x_wconf 69' lang='lat' dir='ltr'>effici</span> <span class='ocrx_word' id='word_1_89' title='bbox 1039 1039 1144 1085; x_wconf 74' lang='lat' dir='ltr'>velit,</span> <span class='ocrx_word' id='word_1_90' title='bbox 1177 1039 1307 1079; x_wconf 81' lang='lat' dir='ltr'>altero,</span> <span class='ocrx_word' id='word_1_91' title='bbox 1340 1037 1531 1089; x_wconf 82' lang='lat' dir='ltr'>quomodo</span> <span class='ocrx_word' id='word_1_92' title='bbox 1563 1037 1694 1087; x_wconf 81' lang='lat' dir='ltr'>possit.</span> 
     </span>
    </p>
   </div>
   <div class='ocr_carea' id='block_1_6' title="bbox 284 1134 1628 1254">
    <p class='ocr_par' dir='ltr' id='par_1_6' title="bbox 284 1134 1628 1254">
     <span class='ocr_line' id='line_1_15' title="bbox 284 1134 1628 1186; baseline -0.004 -13"><span class='ocrx_word' id='word_1_93' title='bbox 284 1135 378 1183; x_wconf 87' lang='lat' dir='ltr'>XII,</span> <span class='ocrx_word' id='word_1_94' title='bbox 409 1137 489 1173; x_wconf 76' lang='lat'>682</span> <span class='ocrx_word' id='word_1_95' title='bbox 521 1148 665 1186; x_wconf 82' lang='lat' dir='ltr'>perque</span> <span class='ocrx_word' id='word_1_96' title='bbox 697 1134 826 1177; x_wconf 74' lang='lat' dir='ltr'>hostis,</span> <span class='ocrx_word' id='word_1_97' title='bbox 859 1146 925 1184; x_wconf 84' lang='lat' dir='ltr'>per</span> <span class='ocrx_word' id='word_1_98' title='bbox 955 1134 1031 1169; x_wconf 79' lang='lat' dir='ltr'>tela</span> <span class='ocrx_word' id='word_1_99' title='bbox 1063 1135 1136 1169; x_wconf 86' lang='lat' dir='ltr'>ruit</span> <span class='ocrx_word' id='word_1_100' title='bbox 1170 1138 1431 1182; x_wconf 74' lang='lat' dir='ltr'>maestamque</span> <span class='ocrx_word' id='word_1_101' title='bbox 1462 1144 1628 1168; x_wconf 83' lang='lat' dir='ltr'>sororem</span> 
     </span>
     <span class='ocr_line' id='line_1_16' title="bbox 523 1196 1586 1254; baseline -0.004 -14"><span class='ocrx_word' id='word_1_102' title='bbox 523 1203 665 1241; x_wconf 81' lang='lat' dir='ltr'>deserit.</span> <span class='ocrx_word' id='word_1_103' title='bbox 696 1217 741 1241; x_wconf 76' lang='lat' dir='ltr'>ae</span> <span class='ocrx_word' id='word_1_104' title='bbox 771 1202 906 1254; x_wconf 82' lang='lat' dir='ltr'>rapido</span> <span class='ocrx_word' id='word_1_105' title='bbox 938 1216 1049 1240; x_wconf 73' lang='lat' dir='ltr'>cursu</span> <span class='ocrx_word' id='word_1_106' title='bbox 1082 1201 1207 1239; x_wconf 82' lang='lat' dir='ltr'>media</span> <span class='ocrx_word' id='word_1_107' title='bbox 1237 1203 1391 1251; x_wconf 83' lang='lat' dir='ltr'>agmina</span> <span class='ocrx_word' id='word_1_108' title='bbox 1422 1196 1586 1252; x_wconf 52' lang='lat' dir='ltr'>rumpitJ&#39;</span> 
     </span>
    </p>
   </div>
   <div class='ocr_carea' id='block_1_7' title="bbox 178 1281 1697 1336">
    <p class='ocr_par' dir='ltr' id='par_1_7' title="bbox 178 1281 1697 1336">
     <span class='ocr_line' id='line_1_17' title="bbox 178 1281 1697 1336; baseline -0.004 -12"><span class='ocrx_word' id='word_1_109' title='bbox 178 1301 242 1335; x_wconf 83' lang='lat' dir='ltr'>per</span> <span class='ocrx_word' id='word_1_110' title='bbox 272 1291 341 1324; x_wconf 82' lang='lat' dir='ltr'>tela</span> <span class='ocrx_word' id='word_1_111' title='bbox 370 1290 458 1333; x_wconf 77' lang='lat' dir='ltr'>ruit,</span> <span class='ocrx_word' id='word_1_112' title='bbox 489 1299 624 1336; x_wconf 88' lang='lat' dir='ltr'>nempe</span> <span class='ocrx_word' id='word_1_113' title='bbox 656 1285 791 1323; x_wconf 82' lang='lat' dir='ltr'>relicta</span> <span class='ocrx_word' id='word_1_114' title='bbox 822 1297 961 1322; x_wconf 88' lang='lat' dir='ltr'>sorore.</span> <span class='ocrx_word' id='word_1_115' title='bbox 1028 1298 1101 1321; x_wconf 80' lang='lat' dir='ltr'>uno</span> <span class='ocrx_word' id='word_1_116' title='bbox 1135 1284 1229 1329; x_wconf 79' lang='lat' dir='ltr'>loco,</span> <span class='ocrx_word' id='word_1_117' title='bbox 1271 1282 1373 1335; x_wconf 89' lang='lat' dir='ltr'>quod</span> <span class='ocrx_word' id='word_1_118' title='bbox 1405 1284 1534 1328; x_wconf 84' lang='lat' dir='ltr'>seiam,</span> <span class='ocrx_word' id='word_1_119' title='bbox 1576 1281 1697 1318; x_wconf 84' lang='lat' dir='ltr'>altera</span> 
     </span>
    </p>
   </div>
   <div class='ocr_carea' id='block_1_8' title="bbox 183 1355 618 1408">
    <p class='ocr_par' dir='ltr' id='par_1_8' title="bbox 183 1355 618 1408">
     <span class='ocr_line' id='line_1_18' title="bbox 183 1355 618 1408; baseline -0.002 -15"><span class='ocrx_word' id='word_1_120' title='bbox 183 1370 270 1408; x_wconf 77' lang='lat' dir='ltr'>pars</span> <span class='ocrx_word' id='word_1_121' title='bbox 302 1370 455 1394; x_wconf 84' lang='lat' dir='ltr'>causam</span> <span class='ocrx_word' id='word_1_122' title='bbox 487 1355 595 1393; x_wconf 85' lang='lat' dir='ltr'>addit</span> <span class='ocrx_word' id='word_1_123' title='bbox 611 1371 618 1393; x_wconf 89' lang='lat'>:</span> 
     </span>
    </p>
   </div>
   <div class='ocr_carea' id='block_1_9' title="bbox 231 1447 1694 1638">
    <p class='ocr_par' dir='ltr' id='par_1_9' title="bbox 231 1447 1694 1638">
     <span class='ocr_line' id='line_1_19' title="bbox 231 1447 1561 1498; baseline -0.002 -13"><span class='ocrx_word' id='word_1_124' title='bbox 231 1449 296 1496; x_wconf 94' lang='lat' dir='ltr'>VI,</span> <span class='ocrx_word' id='word_1_125' title='bbox 329 1451 407 1487; x_wconf 77' lang='lat'>359</span> <span class='ocrx_word' id='word_1_126' title='bbox 440 1451 487 1486; x_wconf 89' lang='lat' dir='ltr'>ni</span> <span class='ocrx_word' id='word_1_127' title='bbox 519 1461 638 1498; x_wconf 86' lang='lat' dir='ltr'>gens</span> <span class='ocrx_word' id='word_1_128' title='bbox 670 1447 781 1485; x_wconf 80' lang='lat' dir='ltr'>erud</span> <span class='ocrx_word' id='word_1_129' title='bbox 796 1447 889 1485; x_wconf 84' lang='lat' dir='ltr'>elis</span> <span class='ocrx_word' id='word_1_130' title='bbox 920 1447 1075 1484; x_wconf 83' lang='lat' dir='ltr'>madida</span> <span class='ocrx_word' id='word_1_131' title='bbox 1106 1460 1190 1485; x_wconf 89' lang='lat' dir='ltr'>eum</span> <span class='ocrx_word' id='word_1_132' title='bbox 1222 1454 1328 1485; x_wconf 84' lang='lat' dir='ltr'>veste</span> <span class='ocrx_word' id='word_1_133' title='bbox 1359 1452 1561 1496; x_wconf 78' lang='lat' dir='ltr'>gravatum</span> 
     </span>
     <span class='ocr_line' id='line_1_20' title="bbox 438 1516 1602 1570; baseline -0.004 -13"><span class='ocrx_word' id='word_1_134' title='bbox 438 1525 757 1570; x_wconf 84' lang='lat' dir='ltr'>prensantemque</span> <span class='ocrx_word' id='word_1_135' title='bbox 788 1519 898 1554; x_wconf 79' lang='lat' dir='ltr'>uncis</span> <span class='ocrx_word' id='word_1_136' title='bbox 930 1517 1106 1555; x_wconf 79' lang='lat' dir='ltr'>manibus</span> <span class='ocrx_word' id='word_1_137' title='bbox 1139 1519 1266 1568; x_wconf 78' lang='lat' dir='ltr'>capita</span> <span class='ocrx_word' id='word_1_138' title='bbox 1297 1529 1431 1567; x_wconf 79' lang='lat' dir='ltr'>aspera</span> <span class='ocrx_word' id='word_1_139' title='bbox 1463 1516 1602 1552; x_wconf 84' lang='lat' dir='ltr'>montis</span> 
     </span>
     <span class='ocr_line' id='line_1_21' title="bbox 435 1586 1694 1638; baseline -0.004 -12"><span class='ocrx_word' id='word_1_140' title='bbox 435 1589 562 1626; x_wconf 79' lang='lat' dir='ltr'>ferro</span> <span class='ocrx_word' id='word_1_141' title='bbox 590 1589 865 1625; x_wconf 82' lang='lat' dir='ltr'>invasisset</span> <span class='ocrx_word' id='word_1_142' title='bbox 897 1586 1228 1638; x_wconf 83' lang='lat' dir='ltr'>praedamque</span> <span class='ocrx_word' id='word_1_143' title='bbox 1259 1588 1435 1636; x_wconf 81' lang='lat' dir='ltr'>ignara</span> <span class='ocrx_word' id='word_1_144' title='bbox 1457 1591 1694 1636; x_wconf 84' lang='lat' dir='ltr'>putasset,</span> 
     </span>
    </p>
   </div>
   <div class='ocr_carea' id='block_1_10' title="bbox 179 1667 1691 1719">
    <p class='ocr_par' dir='ltr' id='par_1_10' title="bbox 179 1667 1691 1719">
     <span class='ocr_line' id='line_1_22' title="bbox 179 1667 1691 1719; baseline -0.002 -13"><span class='ocrx_word' id='word_1_145' title='bbox 179 1669 325 1707; x_wconf 82' lang='lat' dir='ltr'>scilieet</span> <span class='ocrx_word' id='word_1_146' title='bbox 376 1670 599 1707; x_wconf 82' lang='lat' dir='ltr'>Palinurum</span> <span class='ocrx_word' id='word_1_147' title='bbox 651 1669 749 1707; x_wconf 75' lang='lat' dir='ltr'>fen-0</span> <span class='ocrx_word' id='word_1_148' title='bbox 799 1670 1050 1716; x_wconf 79' lang='lat' dir='ltr'>invaserunt,</span> <span class='ocrx_word' id='word_1_149' title='bbox 1101 1670 1279 1719; x_wconf 84' lang='lat' dir='ltr'>quoniam</span> <span class='ocrx_word' id='word_1_150' title='bbox 1337 1667 1524 1718; x_wconf 84' lang='lat' dir='ltr'>putabant</span> <span class='ocrx_word' id='word_1_151' title='bbox 1583 1679 1691 1717; x_wconf 84' lang='lat' dir='ltr'>prae-</span> 
     </span>
    </p>
   </div>
   <div class='ocr_carea' id='block_1_11' title="bbox 179 1738 390 1777">
    <p class='ocr_par' dir='ltr' id='par_1_11' title="bbox 179 1738 390 1777">
     <span class='ocr_line' id='line_1_23' title="bbox 179 1738 390 1777; baseline 0.005 -1"><span class='ocrx_word' id='word_1_152' title='bbox 179 1738 265 1776; x_wconf 87' lang='lat' dir='ltr'>dam</span> <span class='ocrx_word' id='word_1_153' title='bbox 299 1752 390 1777; x_wconf 80' lang='lat' dir='ltr'>esse.</span> 
     </span>
    </p>
   </div>
   <div class='ocr_carea' id='block_1_12' title="bbox 175 1819 1694 2370">
    <p class='ocr_par' dir='ltr' id='par_1_12' title="bbox 175 1819 1694 2283">
     <span class='ocr_line' id='line_1_24' title="bbox 293 1819 1694 1872; baseline -0.003 -13"><span class='ocrx_word' id='word_1_154' title='bbox 293 1820 447 1872; x_wconf 77' lang='lat' dir='ltr'>Ubique</span> <span class='ocrx_word' id='word_1_155' title='bbox 480 1820 654 1857; x_wconf 84' lang='lat' dir='ltr'>videmus</span> <span class='ocrx_word' id='word_1_156' title='bbox 698 1834 774 1858; x_wconf 89' lang='lat' dir='ltr'>rem</span> <span class='ocrx_word' id='word_1_157' title='bbox 817 1822 1037 1870; x_wconf 78' lang='lat' dir='ltr'>primariam</span> <span class='ocrx_word' id='word_1_158' title='bbox 1086 1822 1247 1870; x_wconf 79' lang='lat' dir='ltr'>priorem</span> <span class='ocrx_word' id='word_1_159' title='bbox 1293 1819 1415 1856; x_wconf 78' lang='lat' dir='ltr'>locum</span> <span class='ocrx_word' id='word_1_160' title='bbox 1458 1826 1608 1864; x_wconf 86' lang='lat' dir='ltr'>tenere,</span> <span class='ocrx_word' id='word_1_161' title='bbox 1654 1825 1694 1855; x_wconf 89' lang='lat' dir='ltr'>ut</span> 
     </span>
     <span class='ocr_line' id='line_1_25' title="bbox 178 1887 1693 1941; baseline -0.002 -14"><span class='ocrx_word' id='word_1_162' title='bbox 178 1892 277 1927; x_wconf 84' lang='lat' dir='ltr'>ratio</span> <span class='ocrx_word' id='word_1_163' title='bbox 309 1890 421 1941; x_wconf 83' lang='lat' dir='ltr'>plane</span> <span class='ocrx_word' id='word_1_164' title='bbox 453 1896 645 1940; x_wconf 80' lang='lat' dir='ltr'>apparent.</span> <span class='ocrx_word' id='word_1_165' title='bbox 708 1889 813 1926; x_wconf 84' lang='lat' dir='ltr'>nullo</span> <span class='ocrx_word' id='word_1_166' title='bbox 845 1891 963 1938; x_wconf 69' lang='lat' dir='ltr'>igitur</span> <span class='ocrx_word' id='word_1_167' title='bbox 993 1889 1106 1926; x_wconf 80' lang='lat' dir='ltr'>modo</span> <span class='ocrx_word' id='word_1_168' title='bbox 1139 1889 1423 1939; x_wconf 65' lang='lat' dir='ltr'>hyster-elegiae</span> <span class='ocrx_word' id='word_1_169' title='bbox 1461 1902 1575 1926; x_wconf 82' lang='lat' dir='ltr'>causa</span> <span class='ocrx_word' id='word_1_170' title='bbox 1618 1887 1693 1925; x_wconf 87' lang='lat' dir='ltr'>diei</span> 
     </span>
     <span class='ocr_line' id='line_1_26' title="bbox 179 1958 1692 2009; baseline -0.001 -13"><span class='ocrx_word' id='word_1_171' title='bbox 179 1958 302 2005; x_wconf 89' lang='lat' dir='ltr'>debet,</span> <span class='ocrx_word' id='word_1_172' title='bbox 348 1965 498 2009; x_wconf 83' lang='lat' dir='ltr'>poetam</span> <span class='ocrx_word' id='word_1_173' title='bbox 536 1958 695 1996; x_wconf 82' lang='lat' dir='ltr'>alteram</span> <span class='ocrx_word' id='word_1_174' title='bbox 741 1965 887 2009; x_wconf 85' lang='lat' dir='ltr'>partem</span> <span class='ocrx_word' id='word_1_175' title='bbox 933 1971 979 1995; x_wconf 87' lang='lat' dir='ltr'>ex</span> <span class='ocrx_word' id='word_1_176' title='bbox 1013 1960 1228 2009; x_wconf 81' lang='lat' dir='ltr'>antiquiore</span> <span class='ocrx_word' id='word_1_177' title='bbox 1260 1965 1433 2009; x_wconf 83' lang='lat' dir='ltr'>poemate</span> <span class='ocrx_word' id='word_1_178' title='bbox 1466 1959 1692 2008; x_wconf 82' lang='lat' dir='ltr'>sumpsisse;</span> 
     </span>
     <span class='ocr_line' id='line_1_27' title="bbox 176 2027 1694 2079; baseline 0 -15"><span class='ocrx_word' id='word_1_179' title='bbox 176 2027 215 2065; x_wconf 86' lang='lat' dir='ltr'>id</span> <span class='ocrx_word' id='word_1_180' title='bbox 248 2027 429 2066; x_wconf 88' lang='lat' dir='ltr'>Nordeno</span> <span class='ocrx_word' id='word_1_181' title='bbox 461 2041 507 2066; x_wconf 90' lang='lat' dir='ltr'>ne</span> <span class='ocrx_word' id='word_1_182' title='bbox 539 2029 592 2065; x_wconf 76' lang='lat' dir='ltr'>eis</span> <span class='ocrx_word' id='word_1_183' title='bbox 624 2028 776 2079; x_wconf 86' lang='lat' dir='ltr'>quidem</span> <span class='ocrx_word' id='word_1_184' title='bbox 810 2028 901 2065; x_wconf 69' lang='lat' dir='ltr'>loeis</span> <span class='ocrx_word' id='word_1_185' title='bbox 933 2027 1194 2074; x_wconf 70' lang='lat' dir='ltr'>concedemus,</span> <span class='ocrx_word' id='word_1_186' title='bbox 1225 2041 1321 2079; x_wconf 82' lang='lat' dir='ltr'>quos</span> <span class='ocrx_word' id='word_1_187' title='bbox 1353 2027 1450 2065; x_wconf 81' lang='lat' dir='ltr'>alias</span> <span class='ocrx_word' id='word_1_188' title='bbox 1480 2027 1528 2064; x_wconf 86' lang='lat' dir='ltr'>ob</span> <span class='ocrx_word' id='word_1_189' title='bbox 1559 2039 1694 2064; x_wconf 74' lang='lat' dir='ltr'>causas</span> 
     </span>
     <span class='ocr_line' id='line_1_28' title="bbox 175 2095 1691 2149; baseline -0.001 -15"><span class='ocrx_word' id='word_1_190' title='bbox 175 2099 289 2135; x_wconf 83' lang='lat' dir='ltr'>etiam</span> <span class='ocrx_word' id='word_1_191' title='bbox 338 2098 462 2135; x_wconf 86' lang='lat' dir='ltr'>Ennio</span> <span class='ocrx_word' id='word_1_192' title='bbox 505 2098 701 2135; x_wconf 82' lang='lat' dir='ltr'>vindicare</span> <span class='ocrx_word' id='word_1_193' title='bbox 743 2097 898 2135; x_wconf 81' lang='lat' dir='ltr'>studuit.</span> <span class='ocrx_word' id='word_1_194' title='bbox 972 2099 1128 2141; x_wconf 83' lang='lat' dir='ltr'>etenim,</span> <span class='ocrx_word' id='word_1_195' title='bbox 1175 2099 1320 2135; x_wconf 84' lang='lat' dir='ltr'>etiamsi</span> <span class='ocrx_word' id='word_1_196' title='bbox 1354 2097 1547 2149; x_wconf 82' lang='lat' dir='ltr'>profecto,</span> <span class='ocrx_word' id='word_1_197' title='bbox 1592 2095 1691 2148; x_wconf 87' lang='lat' dir='ltr'>quod</span> 
     </span>
     <span class='ocr_line' id='line_1_29' title="bbox 177 2167 1693 2218; baseline -0.001 -14"><span class='ocrx_word' id='word_1_198' title='bbox 177 2167 333 2204; x_wconf 87' lang='lat' dir='ltr'>Norden</span> <span class='ocrx_word' id='word_1_199' title='bbox 373 2169 534 2204; x_wconf 81' lang='lat' dir='ltr'>coniecit</span> <span class='ocrx_word' id='word_1_200' title='bbox 578 2174 721 2204; x_wconf 78' lang='lat' dir='ltr'>tantum</span> <span class='ocrx_word' id='word_1_201' title='bbox 765 2174 918 2218; x_wconf 87' lang='lat' dir='ltr'>propter</span> <span class='ocrx_word' id='word_1_202' title='bbox 960 2167 1237 2218; x_wconf 78' lang='lat' dir='ltr'>synaloepham</span> <span class='ocrx_word' id='word_1_203' title='bbox 1281 2180 1324 2203; x_wconf 85' lang='lat' dir='ltr'>eo</span> <span class='ocrx_word' id='word_1_204' title='bbox 1356 2167 1439 2203; x_wconf 81' lang='lat' dir='ltr'>loco</span> <span class='ocrx_word' id='word_1_205' title='bbox 1471 2180 1546 2204; x_wconf 91' lang='lat' dir='ltr'>non</span> <span class='ocrx_word' id='word_1_206' title='bbox 1579 2179 1693 2217; x_wconf 83' lang='lat' dir='ltr'>saepe</span> 
     </span>
     <span class='ocr_line' id='line_1_30' title="bbox 179 2236 599 2283; baseline -0.005 -9"><span class='ocrx_word' id='word_1_207' title='bbox 179 2236 385 2283; x_wconf 82' lang='lat' dir='ltr'>inventam,</span> <span class='ocrx_word' id='word_1_208' title='bbox 419 2237 486 2283; x_wconf 86' lang='lat' dir='ltr'>VI,</span> <span class='ocrx_word' id='word_1_209' title='bbox 522 2240 599 2274; x_wconf 68' lang='lat'>115</span> 
     </span>
    </p>

    <p class='ocr_par' dir='ltr' id='par_1_13' title="bbox 406 2317 1424 2370">
     <span class='ocr_line' id='line_1_31' title="bbox 406 2317 1424 2370; baseline 0 -14"><span class='ocrx_word' id='word_1_210' title='bbox 406 2325 447 2356; x_wconf 86' lang='lat' dir='ltr'>ut</span> <span class='ocrx_word' id='word_1_211' title='bbox 478 2324 513 2356; x_wconf 87' lang='lat' dir='ltr'>te</span> <span class='ocrx_word' id='word_1_212' title='bbox 545 2319 707 2370; x_wconf 86' lang='lat' dir='ltr'>supplex</span> <span class='ocrx_word' id='word_1_213' title='bbox 740 2324 904 2369; x_wconf 84' lang='lat' dir='ltr'>peterem</span> <span class='ocrx_word' id='word_1_214' title='bbox 937 2324 974 2356; x_wconf 87' lang='lat' dir='ltr'>et</span> <span class='ocrx_word' id='word_1_215' title='bbox 1006 2326 1071 2356; x_wconf 88' lang='lat' dir='ltr'>tua</span> <span class='ocrx_word' id='word_1_216' title='bbox 1103 2318 1236 2356; x_wconf 87' lang='lat' dir='ltr'>limina</span> <span class='ocrx_word' id='word_1_217' title='bbox 1268 2317 1424 2363; x_wconf 75' lang='lat' dir='ltr'>adirem,</span> 
     </span>
    </p>
   </div>
   <div class='ocr_carea' id='block_1_13' title="bbox 174 2401 1691 2801">
    <p class='ocr_par' dir='ltr' id='par_1_14' title="bbox 174 2401 1691 2801">
     <span class='ocr_line' id='line_1_32' title="bbox 177 2401 1691 2453; baseline 0 -14"><span class='ocrx_word' id='word_1_218' title='bbox 177 2402 295 2440; x_wconf 87' lang='lat' dir='ltr'>verba</span> <span class='ocrx_word' id='word_1_219' title='bbox 323 2406 451 2440; x_wconf 77' lang='lat' dir='ltr'>limina</span> <span class='ocrx_word' id='word_1_220' title='bbox 483 2406 619 2440; x_wconf 77' lang='lat' dir='ltr'>adirem</span> <span class='ocrx_word' id='word_1_221' title='bbox 652 2401 752 2453; x_wconf 88' lang='lat' dir='ltr'>apud</span> <span class='ocrx_word' id='word_1_222' title='bbox 785 2402 952 2439; x_wconf 84' lang='lat' dir='ltr'>Ennium</span> <span class='ocrx_word' id='word_1_223' title='bbox 984 2401 1116 2439; x_wconf 87' lang='lat' dir='ltr'>eodem</span> <span class='ocrx_word' id='word_1_224' title='bbox 1149 2402 1232 2439; x_wconf 82' lang='lat' dir='ltr'>loco</span> <span class='ocrx_word' id='word_1_225' title='bbox 1264 2415 1397 2439; x_wconf 82' lang='lat' dir='ltr'>versus</span> <span class='ocrx_word' id='word_1_226' title='bbox 1429 2402 1581 2449; x_wconf 83' lang='lat' dir='ltr'>fuerint,</span> <span class='ocrx_word' id='word_1_227' title='bbox 1622 2404 1691 2439; x_wconf 79' lang='lat' dir='ltr'>sei-</span> 
     </span>
     <span class='ocr_line' id='line_1_33' title="bbox 177 2471 1691 2523; baseline 0.001 -15"><span class='ocrx_word' id='word_1_228' title='bbox 177 2471 266 2509; x_wconf 82' lang='lat' dir='ltr'>licet</span> <span class='ocrx_word' id='word_1_229' title='bbox 297 2473 338 2508; x_wconf 88' lang='lat' dir='ltr'>in</span> <span class='ocrx_word' id='word_1_230' title='bbox 368 2472 441 2509; x_wconf 89' lang='lat' dir='ltr'>fine</span> <span class='ocrx_word' id='word_1_231' title='bbox 471 2473 608 2523; x_wconf 82' lang='lat' dir='ltr'>posita,</span> <span class='ocrx_word' id='word_1_232' title='bbox 640 2478 753 2523; x_wconf 85' lang='lat' dir='ltr'>poeta</span> <span class='ocrx_word' id='word_1_233' title='bbox 784 2471 984 2520; x_wconf 83' lang='lat' dir='ltr'>indignum</span> <span class='ocrx_word' id='word_1_234' title='bbox 1019 2478 1116 2509; x_wconf 86' lang='lat' dir='ltr'>esset</span> <span class='ocrx_word' id='word_1_235' title='bbox 1149 2484 1193 2509; x_wconf 89' lang='lat' dir='ltr'>ea</span> <span class='ocrx_word' id='word_1_236' title='bbox 1225 2471 1342 2509; x_wconf 83' lang='lat' dir='ltr'>verba</span> <span class='ocrx_word' id='word_1_237' title='bbox 1373 2473 1428 2508; x_wconf 84' lang='lat' dir='ltr'>ita</span> <span class='ocrx_word' id='word_1_238' title='bbox 1454 2473 1691 2522; x_wconf 83' lang='lat' dir='ltr'>surripuisse,</span> 
     </span>
     <span class='ocr_line' id='line_1_34' title="bbox 177 2541 1691 2594; baseline 0.001 -16"><span class='ocrx_word' id='word_1_239' title='bbox 177 2546 220 2578; x_wconf 88' lang='lat' dir='ltr'>ut</span> <span class='ocrx_word' id='word_1_240' title='bbox 249 2541 515 2592; x_wconf 83' lang='lat' dir='ltr'>hysterologia</span> <span class='ocrx_word' id='word_1_241' title='bbox 544 2542 653 2579; x_wconf 89' lang='lat' dir='ltr'>fieret</span> <span class='ocrx_word' id='word_1_242' title='bbox 683 2543 783 2578; x_wconf 89' lang='lat' dir='ltr'>omni</span> <span class='ocrx_word' id='word_1_243' title='bbox 816 2543 965 2578; x_wconf 84' lang='lat' dir='ltr'>ratione</span> <span class='ocrx_word' id='word_1_244' title='bbox 997 2554 1138 2579; x_wconf 82' lang='lat' dir='ltr'>carens.</span> <span class='ocrx_word' id='word_1_245' title='bbox 1200 2555 1260 2580; x_wconf 87' lang='lat' dir='ltr'>res</span> <span class='ocrx_word' id='word_1_246' title='bbox 1301 2541 1433 2580; x_wconf 88' lang='lat' dir='ltr'>eadem</span> <span class='ocrx_word' id='word_1_247' title='bbox 1477 2548 1533 2580; x_wconf 84' lang='lat' dir='ltr'>est</span> <span class='ocrx_word' id='word_1_248' title='bbox 1576 2548 1691 2594; x_wconf 88' lang='lat' dir='ltr'>atque</span> 
     </span>
     <span class='ocr_line' id='line_1_35' title="bbox 178 2610 1689 2661; baseline 0.001 -14"><span class='ocrx_word' id='word_1_249' title='bbox 178 2611 313 2647; x_wconf 81' lang='lat' dir='ltr'>ceteris</span> <span class='ocrx_word' id='word_1_250' title='bbox 344 2610 450 2661; x_wconf 77' lang='lat' dir='ltr'>locis,</span> <span class='ocrx_word' id='word_1_251' title='bbox 481 2624 575 2661; x_wconf 89' lang='lat' dir='ltr'>quos</span> <span class='ocrx_word' id='word_1_252' title='bbox 606 2611 859 2648; x_wconf 85' lang='lat' dir='ltr'>contulimus:</span> <span class='ocrx_word' id='word_1_253' title='bbox 905 2624 1051 2648; x_wconf 80' lang='lat' dir='ltr'>summa</span> <span class='ocrx_word' id='word_1_254' title='bbox 1090 2613 1145 2648; x_wconf 90' lang='lat' dir='ltr'>rei</span> <span class='ocrx_word' id='word_1_255' title='bbox 1183 2612 1283 2649; x_wconf 83' lang='lat' dir='ltr'>inest</span> <span class='ocrx_word' id='word_1_256' title='bbox 1314 2611 1442 2649; x_wconf 85' lang='lat' dir='ltr'>verbis</span> <span class='ocrx_word' id='word_1_257' title='bbox 1472 2619 1513 2649; x_wconf 80' lang='lat' dir='ltr'>ut</span> <span class='ocrx_word' id='word_1_258' title='bbox 1543 2619 1574 2649; x_wconf 81' lang='lat' dir='ltr'>te</span> <span class='ocrx_word' id='word_1_259' title='bbox 1604 2626 1689 2659; x_wconf 75' lang='lat' dir='ltr'>sup-</span> 
     </span>
     <span class='ocr_line' id='line_1_36' title="bbox 174 2679 1690 2731; baseline 0.001 -15"><span class='ocrx_word' id='word_1_260' title='bbox 174 2683 254 2726; x_wconf 73' lang='lat' dir='ltr'>pleae</span> <span class='ocrx_word' id='word_1_261' title='bbox 291 2686 444 2726; x_wconf 77' lang='lat' dir='ltr'>peterem</span> <span class='ocrx_word' id='word_1_262' title='bbox 488 2685 525 2716; x_wconf 88' lang='lat' dir='ltr'>et</span> <span class='ocrx_word' id='word_1_263' title='bbox 565 2679 698 2716; x_wconf 84' lang='lat' dir='ltr'>addita</span> <span class='ocrx_word' id='word_1_264' title='bbox 750 2686 850 2725; x_wconf 77' lang='lat' dir='ltr'>sunt,</span> <span class='ocrx_word' id='word_1_265' title='bbox 892 2686 933 2716; x_wconf 90' lang='lat' dir='ltr'>ut</span> <span class='ocrx_word' id='word_1_266' title='bbox 975 2681 1146 2729; x_wconf 83' lang='lat' dir='ltr'>gravitas</span> <span class='ocrx_word' id='word_1_267' title='bbox 1178 2679 1366 2731; x_wconf 86' lang='lat' dir='ltr'>quaedam</span> <span class='ocrx_word' id='word_1_268' title='bbox 1397 2683 1580 2719; x_wconf 86' lang='lat' dir='ltr'>sermonis</span> <span class='ocrx_word' id='word_1_269' title='bbox 1611 2681 1690 2718; x_wconf 84' lang='lat' dir='ltr'>effi-</span> 
     </span>
     <span class='ocr_line' id='line_1_37' title="bbox 178 2747 1688 2801; baseline 0.001 -17"><span class='ocrx_word' id='word_1_270' title='bbox 178 2750 308 2794; x_wconf 79' lang='lat' dir='ltr'>ciatur,</span> <span class='ocrx_word' id='word_1_271' title='bbox 354 2748 469 2785; x_wconf 79' lang='lat' dir='ltr'>verba</span> <span class='ocrx_word' id='word_1_272' title='bbox 500 2748 648 2801; x_wconf 53' lang='lat' dir='ltr'>quibus</span> <span class='ocrx_word' id='word_1_273' title='bbox 688 2754 727 2785; x_wconf 83' lang='lat' dir='ltr'>ut</span> <span class='ocrx_word' id='word_1_274' title='bbox 759 2761 882 2800; x_wconf 82' lang='lat' dir='ltr'>saepe,</span> <span class='ocrx_word' id='word_1_275' title='bbox 914 2747 1074 2794; x_wconf 84' lang='lat' dir='ltr'>dicatur,</span> <span class='ocrx_word' id='word_1_276' title='bbox 1122 2748 1335 2800; x_wconf 87' lang='lat' dir='ltr'>quomodo:</span> <span class='ocrx_word' id='word_1_277' title='bbox 1379 2757 1409 2787; x_wconf 80' lang='lat' dir='ltr'>et</span> <span class='ocrx_word' id='word_1_278' title='bbox 1449 2757 1514 2787; x_wconf 76' lang='lat' dir='ltr'>tua</span> <span class='ocrx_word' id='word_1_279' title='bbox 1559 2754 1688 2787; x_wconf 72' lang='lat' dir='ltr'>limina</span> 
     </span>
    </p>
   </div>
  </div>
 </body>
</html>
