1923 3110
870 121 918 153 Oq

870 149 888 156 α.
900 148 905 155 ι

303 233 526 273 eandida
557 248 636 286 per
667 234 847 271 silvani
881 247 965 271 euni
998 232 1076 270 fetu
1109 233 1290 270 concolor
1321 233 1407 270 albo

301 304 572 354 procubuit
604 302 795 354 viridique
826 305 865 340 in
896 303 1007 340 litore
1039 303 1364 352 conspicitur
1396 316 1490 339 sus.

133 399 231 437 quae
262 387 386 425 verba
416 389 447 425 si
472 389 558 439 quis
591 389 864 438 interpretatur
894 390 1112 433 conspicitur
1137 399 1206 432 per
1234 388 1357 422 sili-um
1388 398 1449 422 sus
1478 389 1519 422 in
1548 387 1649 421 litore

131 459 242 494 viridi
271 460 456 503 recubans,
488 469 564 494 rem
600 455 784 492 videlicet
815 460 917 492 reete
949 454 1170 504 explicavit,
1200 459 1336 503 poetae
1361 454 1517 489 minime
1539 454 1649 489 satis-

135 524 235 563 fecit.
296 539 383 563 nam
416 524 517 577 quod
551 539 633 562 cum
679 524 795 562 verbo
833 527 1029 572 procubuit
1075 524 1252 572 coniungi
1305 528 1431 573 potest
1470 524 1650 569 riridique

133 599 174 632 in
203 598 305 632 litore
335 595 445 632 alteri
477 594 594 632 verbo
626 596 843 645 appositum
875 600 942 638 est,
987 592 1091 643 quod
1123 598 1249 629 autem
1282 605 1365 628 cum
1408 590 1525 628 verbo
1569 604 1650 628 con-

132 668 286 711 spicitur
307 677 380 701 non
405 666 582 714 coniungi
618 665 745 715 nequit
774 678 842 710 per
877 668 997 701 sita-am
1033 661 1184 699 videtur
1215 660 1330 698 verbo
1356 663 1553 708 procubuit
1584 659 1650 696 ad-

133 737 282 773 iectum.
344 749 418 786 quo
450 736 502 782 fit,
552 743 591 772 nt
640 742 869 786 parataxeos
916 735 1035 771 fornia
1075 741 1229 771 servata
1270 732 1369 770 duae
1408 739 1535 783 partes
1567 744 1649 769 sen-

134 803 277 842 tentiae
308 807 348 842 in
385 819 500 842 unum
543 805 826 842 contrahantur.
889 812 1002 855 atque
1051 816 1108 840 res
1148 803 1242 839 haec
1283 808 1358 839 est:
1404 808 1489 853 post
1530 801 1648 838 verba

134 877 295 912 candidu
320 889 388 922 per
418 879 541 913 sih-am
573 889 650 912 cum
683 879 759 921 fetu
791 878 949 912 concolor
981 877 1070 918 albo,
1115 886 1199 909 cum
1233 872 1389 909 verbum
1432 871 1545 922 quale
1591 878 1647 908 est

134 949 352 991 conspicitur
383 951 655 996 exspectemus,
701 946 807 995 quasi
842 944 1004 994 abrupto
1036 956 1207 980 sermone
1239 941 1343 979 aliud
1377 941 1536 979 verbum
1563 955 1649 988 pro-

134 1017 259 1052 cubuit
298 1016 562 1065 interpositum
595 1016 822 1061 invenimus,
869 1012 918 1050 ad
958 1012 1059 1064 quod
1093 1011 1325 1049 audiendum
1366 1019 1491 1048 tamen
1538 1011 1651 1048 verba

134 1096 232 1135 quae
274 1083 502 1121 antecedunt
553 1098 630 1121 cum
670 1089 748 1131 fetu
788 1088 945 1121 concolor
987 1086 1064 1120 albo
1104 1085 1180 1119 iam
1222 1083 1367 1118 animos
1410 1086 1652 1132 praeparant.

137 1152 276 1191 deinde
306 1152 429 1190 nodus
459 1155 673 1190 sententiae
709 1153 779 1189 boc
810 1152 923 1190 modo
956 1154 1156 1189 intricatus
1189 1153 1226 1188 in
1269 1151 1390 1188 altera
1430 1156 1537 1201 parte
1578 1149 1650 1187 sol-

135 1224 239 1260 vitur
279 1235 334 1269 eo,
379 1229 420 1260 ut
464 1221 566 1273 quod
608 1223 713 1259 alteri
746 1224 844 1273 parti
879 1221 1053 1259 additum
1085 1221 1260 1258 videmus
1292 1221 1370 1257 scil.
1403 1223 1582 1266 viridique
1612 1224 1653 1257 ‘iu

134 1296 237 1330 litore
267 1292 418 1329 facilius
449 1291 496 1329 ud
527 1296 719 1339 procubuit
752 1292 946 1334 referatur,
979 1299 1012 1328 et
1047 1304 1104 1328 res
1136 1297 1217 1328 totu
1251 1289 1364 1327 verbo
1396 1290 1515 1334 finito,
1548 1288 1652 1339 quod

136 1363 326 1412 sequitur,
372 1375 491 1413 usque
523 1376 544 1398 a
575 1362 699 1399 vorbis
739 1376 805 1408 per
843 1365 964 1399 sile-um
1012 1367 1253 1411 exspectato,
1301 1360 1378 1396 scil.
1423 1363 1653 1406 conspicitur,

137 1432 250 1483 plane
280 1431 405 1468 soluta
435 1433 492 1468 sit.
554 1438 594 1468 ut
627 1438 752 1468 autem
785 1431 945 1468 duarum
979 1431 1045 1467 illa
1077 1432 1240 1480 partium
1274 1429 1445 1466 confusio
1478 1437 1513 1466 et
1554 1430 1654 1466 inter

137 1514 176 1539 se
219 1503 434 1538 coniunctio
475 1503 663 1538 artissima
708 1503 766 1539 sit.
810 1501 1021 1537 subiectum
1064 1503 1221 1537 candida
1267 1531 1272 1536 .
1309 1531 1313 1536 .
1349 1531 1354 1536 .
1389 1530 1395 1537 .
1436 1513 1497 1537 sus
1536 1505 1653 1536 totam

138 1573 364 1608 sententiam
397 1572 505 1621 quasi
538 1570 712 1608 includit.

254 1641 344 1678 Alia
375 1642 522 1678 ratione
553 1649 678 1678 tamen
710 1641 826 1677 simili
860 1642 958 1677 inter
990 1639 1104 1676 verba
1137 1653 1223 1676 cum
1268 1638 1383 1675 verbo
1416 1639 1523 1676 finito
1566 1651 1653 1676 con-

139 1710 334 1761 iungenda
366 1717 401 1747 et
434 1709 472 1747 id
504 1712 627 1761 ipsum
661 1710 818 1747 verbum
851 1710 1009 1747 alterum
1044 1709 1199 1746 verbnm
1232 1710 1500 1758 interpositum
1533 1715 1610 1745 est:

197 1798 292 1835 Aen.
316 1797 367 1843 ΙΙ,
403 1799 481 1835 203
515 1810 600 1835 ecee
632 1806 759 1834 autem
791 1798 931 1846 gemini
957 1810 978 1833 a
999 1795 1157 1833 Tenedo
1180 1795 1388 1846 tranquilla
1410 1807 1478 1846 per
1499 1795 1577 1832 alta

426 1890 480 1894 —
513 1867 690 1904 horresco
725 1868 889 1904 referens
924 1890 972 1894 -—
1009 1863 1201 1903 inimensis
1233 1864 1388 1902 orbibus
1420 1877 1564 1914 angues

427 1935 653 1973 incumbunt
685 1935 821 1986 pelago
854 1937 1072 1986 pariterque
1105 1933 1151 1971 ad
1184 1934 1297 1971 litora
1330 1932 1503 1971 tendunt.

140 2015 247 2053 nullo
294 2017 392 2053 enim
432 2015 546 2054 modo
587 2018 764 2066 coniungi
812 2022 963 2067 potest:
1009 2031 1032 2053 a
1066 2019 1206 2053 Tenedo
1252 2019 1451 2062 tranquilla
1477 2028 1546 2062 per
1580 2018 1655 2052 alta

140 2089 353 2123 incumbunt
393 2089 541 2134 pela90;
591 2099 714 2136 neque
761 2092 888 2123 tamen
937 2099 1022 2123 cum
1068 2085 1222 2122 Pliissio
1266 2085 1419 2135 (Vergil
1465 2084 1543 2122 und
1595 2083 1656 2122 die

141 2155 293 2205 epische
324 2155 451 2191 Kunst
484 2168 516 2205 p.
551 2156 620 2205 61)
652 2162 738 2206 post
771 2155 929 2193 verbum
961 2169 1099 2204 unques
1130 2154 1264 2191 fortius
1305 2153 1655 2205 interpungendum

142 2231 218 2271 est,
258 2225 333 2276 quo
373 2224 499 2269 fieret,
545 2231 586 2262 ut
627 2224 783 2262 verbum
827 2225 973 2262 finitum
1015 2224 1294 2262 desideraretur
1324 2230 1362 2262 et
1401 2223 1657 2276 supplendum

143 2300 250 2332 esset.
310 2296 426 2331 immo
458 2300 540 2332 tota
571 2296 784 2332 sententiae
815 2300 1006 2332 structura
1037 2308 1082 2332 ea
1122 2301 1188 2340 est,
1232 2301 1274 2331 ut
1317 2293 1428 2332 facile
1470 2296 1658 2332 sentiatur

143 2365 183 2400 in
228 2377 343 2400 unuin
390 2364 687 2401 contrahendum
732 2377 813 2402 esse
854 2368 1068 2402 inminebunt
1106 2368 1237 2412 pelago
1277 2370 1315 2401 et
1356 2368 1565 2412 pariterque
1608 2366 1657 2400 ad

144 2437 251 2470 litora
296 2436 471 2480 tendunt,
510 2433 572 2471 vel
603 2436 731 2484 potius
762 2432 827 2472 διὰ
859 2432 983 2488 μέσου
1002 2432 1049 2484 1),
1091 2433 1191 2485 quod
1234 2434 1368 2470 dicunt
1406 2434 1657 2483 grammatici,

146 2504 310 2553 positum
355 2515 436 2540 esse
478 2507 691 2541 incumbunt
728 2507 867 2553 pelayo.
928 2510 971 2541 ut
1018 2505 1117 2541 enim
1160 2505 1200 2540 in
1243 2502 1417 2541 versibus
1447 2502 1560 2540 modo
1591 2515 1656 2540 ex-

246 2700 279 2741 1)
307 2698 437 2733 similia
462 2702 602 2734 tantum
629 2710 694 2734 nec
720 2703 794 2734 tam
832 2704 911 2735 arte
949 2699 1115 2745 quaesita
1154 2711 1172 2735 e
1199 2699 1346 2736 Graecis
1386 2699 1539 2735 contulit
1573 2711 1659 2734 non-

145 2758 246 2793 nul!a
272 2757 569 2792 Wilamowitzius
595 2759 630 2792 in
658 2758 822 2794 Herculis
849 2759 1026 2794 volumine
1051 2759 1096 2802 11,
1123 2771 1156 2804 p.
1184 2762 1230 2794 58
1256 2759 1423 2794 editionis
1450 2759 1611 2802 alterius,
1639 2769 1657 2793 e

148 2817 338 2864 Propertio
365 2817 504 2851 notavit
532 2817 782 2852 Lachmannus
810 2817 855 2852 ad
884 2818 989 2863 Prop.
1019 2818 1077 2862 IV,
1105 2821 1134 2853 3.
