1923 3110
284 235 315 283 Ι,
347 235 425 272 275
1130 236 1184 272 ita
1214 235 1374 286 perfurit
1406 237 1482 273 acri

448 317 534 342 cum
564 304 717 342 fremitu
747 305 947 354 saevitque
977 306 1117 341 minaci
1149 317 1340 342 murmure
1365 311 1512 344 ventus.

260 374 311 421 ΙΙ,
349 376 425 412 186
797 387 945 410 sursum
977 373 1066 411 ferri
1099 387 1325 425 sursumque
1356 386 1480 411 meare

258 444 309 490 ΙΙ,
346 445 422 481 199
456 450 533 480 tam
565 442 701 493 cupide
732 456 880 480 sursum
910 449 1079 480 removet
1109 445 1232 492 magis
1264 449 1377 494 atque
1410 446 1566 481 remittit

450 514 534 565 plus
564 520 606 551 ut
637 520 744 565 parte
774 514 876 551 foras
909 521 1106 563 emergant
1138 515 1404 565 exsiliantque.

254 598 391 635 Talem
422 599 607 635 sermonis
636 598 921 634 exornationem
946 596 1047 647 apud
1071 596 1289 635 Ovidium
1321 610 1445 648 neque
1476 603 1655 648 expecta-

145 681 228 704 mus
272 680 394 718 neque
439 668 664 704 invenimus.
733 680 829 717 quae
879 673 1004 703 autem
1053 679 1098 704 ex
1146 667 1499 717 metamorphoseon
1547 666 1655 703 libris

143 737 272 788 aliquo
304 739 386 775 iure
415 736 489 773 huc
522 736 619 773 trahi
652 742 829 787 possunt,
873 736 1101 786 elegantiam
1143 735 1377 773 (f)vidianam
1417 749 1658 787 nequaquam

144 801 396 853 dissimulant,
432 806 538 844 velut

191 894 277 924 met.
311 887 339 933 Ι,
373 890 423 923 85
457 901 499 924 os
529 887 672 924 homini
706 886 867 924 sublime
899 886 1005 924 dedit
1036 886 1260 937 caelumque
1293 886 1422 924 videre

459 958 569 993 iussit
600 963 634 993 et
668 962 812 993 erectos
843 955 891 993 ad
923 956 1049 994 sidera
1082 957 1212 994 tollere
1245 957 1385 994 vultus.

278 1027 307 1072 Ι,
341 1028 419 1064 714
454 1025 698 1063 succubuisse
729 1026 857 1063 oculos
889 1025 1148 1077 adopertaque
1180 1027 1324 1063 lumina
1355 1040 1497 1063 somno.

238 1096 310 1144 IX,
347 1097 427 1133 550
1037 1097 1200 1133 iunctior
1230 1108 1311 1134 esse

450 1166 595 1216 expetit
627 1171 664 1202 et
695 1165 822 1202 vinclo
864 1171 986 1202 tecum
1021 1167 1215 1216 propriore
1255 1165 1380 1213 ligari.

260 1248 394 1298 Neque
440 1245 618 1284 Valerius
657 1259 779 1297 neque
819 1246 965 1284 Statius
1011 1248 1091 1284 usui
1136 1246 1362 1295 Vergiliano
1407 1248 1658 1297 propinquior

143 1322 209 1355 est.
272 1330 319 1354 ex
350 1316 538 1354 Valerio
571 1330 698 1363 unum,
730 1317 793 1367 qui
827 1318 1037 1367 comparari
1070 1318 1202 1366 possit,
1233 1317 1357 1354 locum
1389 1315 1531 1354 liabeo:

201 1399 347 1449 Argon.
368 1398 581 1446 IV,333,‘4
615 1397 718 1435 illius
749 1397 941 1435 excelsum
974 1399 1090 1435 ramis
1121 1406 1233 1449 caput
1266 1411 1446 1449 armaque
1481 1396 1617 1435 Castor

610 1467 783 1518 implicat
814 1474 851 1505 et
882 1467 994 1504 viridi
1029 1469 1194 1505 conectit
1226 1474 1397 1518 tempora
1428 1467 1546 1505 lauro.

143 1551 208 1588 ubi
240 1550 356 1588 verba
387 1555 531 1588 conectit
562 1558 723 1597 tempora
752 1549 830 1587 fere
862 1555 1037 1601 repetunt
1070 1551 1206 1601 prioris
1238 1551 1357 1600 partis
1392 1549 1506 1587 verba
1547 1556 1655 1595 ccqsnct

145 1625 311 1668 implicat.
373 1620 571 1658 Statium
603 1627 681 1657 tam
712 1633 796 1656 raro
828 1632 966 1669 genere
988 1618 1142 1656 dicendi
1175 1633 1284 1656 usum
1310 1632 1403 1660 esse,
1437 1618 1535 1669 quod
1564 1619 1657 1655 Ver-

143 1691 237 1740 gilio
270 1696 348 1727 tam
379 1691 559 1726 usitatum
591 1691 649 1735 sit,
681 1691 760 1739 ipse
792 1690 949 1726 miratus
980 1703 1070 1726 sum.
1133 1701 1178 1726 ex
1206 1687 1409 1726 Thebaide.
1432 1702 1545 1725 unum
1578 1700 1661 1725 ver-

145 1773 228 1798 sum
260 1760 333 1797 huc
365 1759 504 1797 reterre
536 1761 660 1810 possis

259 1840 371 1886 VIII,
418 1842 494 1877 173
555 1840 680 1877 abisse
712 1839 802 1877 deos
833 1839 1060 1890 dilapsaque
1092 1841 1245 1876 numina
1278 1840 1420 1876 castris.

259 1921 445 1960 Videmus
476 1924 593 1968 igitur
625 1922 851 1971 Vergilium,
892 1928 932 1958 ut
963 1923 1000 1958 in
1033 1920 1263 1967 notionibus,
1302 1923 1355 1957 sic
1386 1922 1426 1957 in
1460 1921 1657 1957 sententiis

145 1991 317 2043 pluribus
348 1993 386 2028 in
418 2005 532 2028 unum
565 1990 840 2041 coniungendis
871 1992 968 2028 inter
1015 1996 1157 2041 poetas,
1202 2004 1296 2041 quos
1343 1991 1658 2041 comparavimus,

145 2074 274 2099 omnes
305 2060 500 2099 excellere.
562 2068 675 2111 atque
706 2062 900 2098 notionum
935 2061 1120 2111 parataxi,
1154 2072 1251 2110 quae
1283 2066 1337 2096 est
1371 2058 1409 2098 ἓν
1443 2057 1506 2098 διὰ
1539 2057 1660 2106 δυοῖν,

144 2130 347 2182 respondet
378 2132 574 2182 parataxis
611 2132 883 2168 sententiarum
916 2144 1030 2181 quam
1063 2131 1170 2180 quasi
1204 2128 1243 2168 ἓν
1278 2128 1342 2168 διὰ
1374 2127 1482 2168 δ’)οῖν
1506 2135 1659 2166 senten-

144 2203 283 2239 tiarum
305 2200 431 2246 dicere
453 2202 585 2250 possis,
616 2214 691 2251 qua
715 2199 790 2237 duo
822 2201 1032 2245 enuntiata,
1068 2212 1226 2250 quorum
1257 2200 1466 2236 sententias
1499 2198 1657 2236 alteram

145 2271 254 2309 alteri
285 2270 496 2308 subiectam
527 2282 607 2308 esse
637 2269 753 2316 dicas,
785 2283 906 2320 aequo
939 2268 1071 2306 ordine
1103 2270 1397 2318 coniunguntur,
1430 2268 1535 2306 velut
1562 2268 1659 2305 Aen.

146 2340 168 2377 l.
202 2340 253 2385 X,
283 2354 317 2377 v.
353 2342 443 2386 264,
475 2353 587 2391 quem
618 2339 743 2377 locum
774 2338 888 2376 modo
921 2338 1206 2389 explicavimus.

260 2411 379 2448 Recte
420 2409 578 2447 Norden
609 2410 630 2446 l.
664 2410 686 2446 l.
721 2424 754 2460 p.
789 2411 870 2447 372
917 2408 1010 2446 dicit
1051 2422 1096 2445 ea
1143 2413 1331 2445 structura
1372 2407 1472 2445 fieri.
1520 2413 1561 2444 ut
1604 2412 1661 2445 tot

147 2481 240 2518 locis
272 2479 505 2529 Vergilianis
542 2479 635 2517 ordo
683 2481 957 2517 sententiarum
997 2480 1225 2523 inveniatur,
1277 2491 1388 2528 quem
1419 2478 1660 2526 grammatici

148 2551 344 2588 nominent
386 2544 548 2601 ὕστερον
594 2551 786 2602 πρότερον
830 2549 891 2586 vel
939 2543 1218 2601 ὃστερολογίαν
1263 2547 1325 2584 vel
1365 2546 1659 2600 πρωθὺστερον.

149 2619 254 2657 nullo
304 2617 418 2655 modo
471 2625 626 2665 autem,
686 2618 787 2669 quod
829 2617 986 2655 Norden
1032 2616 1311 2654 demonstrasse
1368 2616 1440 2654 sibi
1497 2615 1659 2662 videtur,

149 2701 376 2740 quemquam
408 2699 519 2738 posse
550 2686 808 2735 demonstrare
839 2685 1027 2724 contendo
1059 2686 1276 2735 Vergilium
1312 2685 1362 2723 ad
1406 2686 1516 2723 illum
1559 2684 1660 2723 ordi-

149 2770 234 2796 nem
264 2769 550 2806 nonnumquam
581 2769 625 2794 eo
657 2755 864 2793 adductum
896 2768 989 2795 esse,
1036 2754 1139 2806 quod
1183 2756 1380 2792 enuntiata
1412 2755 1591 2792 Enniana
1621 2756 1661 2791 in

149 2840 258 2865 suum
304 2839 411 2865 usum
453 2824 700 2864 transtulerit.
762 2837 883 2876 neque
934 2823 1120 2871 concedo,
1168 2823 1271 2875 quod
1321 2824 1423 2862 idem
1464 2823 1661 2862 contendit
