1923 3110
940 141 960 176 6
967 141 990 174 Ο

327 256 393 296 [V.
427 258 505 294 2&ss
1277 257 1472 305 pervigil
1506 263 1547 294 ut
1577 271 1661 295 cum

543 324 730 362 artificum
761 330 867 362 notat
900 339 1018 377 usque
1051 338 1185 362 manus
1216 331 1253 363 et
1283 324 1447 363 fulmina
1469 324 1671 377 Cyclops

548 394 773 446 prosubigit.

204 481 250 504 ex
284 467 401 505 Stati
435 464 670 503 Thebaide
702 463 865 516 denique
899 465 990 501 haee
1023 466 1092 501 tria
1126 466 1302 516 exempla
1334 465 1458 504 addo:

317 536 370 583 II,
406 537 482 573 137
823 535 880 571 illi
914 548 1064 572 roseus
1094 532 1097 586 Ι
1127 548 1193 585 per
1223 535 1355 585 nubila
1386 548 1490 573 seras

515 605 681 642 advertit
712 605 883 642 flammas
916 603 1158 656 alienumque
1191 605 1347 643 aethera
1379 604 1488 642 tardo

521 674 701 713 Lucifer
731 676 810 711 exit
844 688 952 724 equo.

279 746 369 791 VII,
403 747 483 783 466
517 747 545 782 it
567 746 758 793 geminum
783 745 1011 781 exvutiens
1040 742 1043 795 Ι
1072 758 1235 793 anguem
1258 753 1293 782 et
1316 745 1525 783 bacchatur
1546 747 1718 797 utrisque

519 814 767 865 Tisiphone
800 815 946 850 castris.

256 886 369 930 VIII,
403 888 477 922 4341
516 887 653 935 prima
685 883 791 920 videt
821 897 1025 935 caramque
1056 890 1219 921 tremens
1247 883 1252 937 Ι
1280 885 1458 922 Iocasta
1491 884 1654 922 vocabat

522 955 707 991 Ismenen,

207 1026 379 1064 Alterum
425 1025 497 1062 hoe
540 1039 583 1062 ex
629 1030 683 1062 tot
725 1024 818 1061 loeis
861 1025 1054 1073 congestis
1097 1029 1189 1075 puto
1229 1037 1432 1075 apparere:
1480 1037 1578 1075 quae
1618 1023 1721 1075 apud

204 1096 419 1146 Vergilium
462 1096 636 1145 aliosque
676 1100 808 1145 poetas
855 1094 1015 1131 Latinos
1056 1096 1176 1144 primo
1219 1094 1373 1145 quidem
1412 1094 1547 1132 obtutu
1587 1093 1722 1132 ordine

201 1168 313 1204 nimis
344 1167 523 1203 intricata
555 1164 735 1203 videntur
766 1177 858 1211 esse,
900 1170 940 1201 ut
973 1165 1059 1209 sint,
1102 1166 1163 1215 qui
1199 1170 1342 1201 tantam
1374 1166 1413 1201 in
1445 1164 1574 1202 verbis
1607 1163 1723 1201 eollo-

200 1236 332 1275 eandis
362 1237 646 1273 intricationem
678 1237 895 1285 vituperent
928 1240 967 1271 ut
1000 1241 1170 1284 egestate
1216 1236 1401 1271 sermonis
1440 1234 1624 1280 effectam,
1667 1235 1722 1273 eis

197 1323 274 1347 non
305 1307 550 1346 offenduntur
587 1309 637 1347 ii.
697 1309 759 1358 qui
799 1320 910 1344 aures
957 1307 1099 1344 habent
1144 1307 1193 1343 ad
1236 1320 1388 1344 cursum
1421 1320 1598 1344 versuum
1628 1320 1715 1358 per·

198 1377 416 1430 cipiendum
467 1384 598 1428 aptas,
650 1384 689 1415 ut
737 1377 929 1415 habebant
991 1379 1139 1428 antiqui
1194 1378 1332 1414 nostris
1375 1376 1495 1414 multo
1539 1378 1717 1427 aptiores.

198 1453 290 1503 quin
322 1452 436 1488 etiam
469 1449 571 1500 apud
605 1450 820 1498 Vergilium
860 1462 1145 1500 nonnumquam
1189 1448 1358 1500 lepidum
1402 1449 1606 1486 artificium
1649 1449 1720 1486 tali

198 1520 330 1559 ordine
360 1520 458 1559 effici
491 1525 528 1558 et
560 1519 842 1557 demonstrasse
873 1532 932 1556 me
961 1525 1054 1571 puto
1085 1525 1123 1557 et
1152 1519 1265 1557 facile
1305 1521 1345 1556 in
1384 1518 1471 1556 aliis
1517 1519 1614 1556 loeis
1654 1517 1720 1556 de-

200 1592 404 1629 monstrari
437 1595 573 1642 potest.

825 1733 1027 1783 Caput,
1057 1732 1153 1773 IV.

556 1815 622 1857 De
655 1815 916 1868 zeugmatis
949 1827 1120 1868 genere
1153 1813 1373 1869 quodam.

318 1944 485 1992 Figurae
518 1940 595 1981 ἀπὸ
628 1947 761 1981 κοινοῦ
793 1941 947 1979 tandem
979 1942 1136 1979 relictae
1168 1954 1211 1977 ea
1244 1942 1340 1977 ratio
1373 1946 1449 1986 est,
1493 1946 1533 1977 ut
1566 1953 1642 1977 vox
1673 1939 1722 1977 ad

206 2014 281 2052 duo
312 2017 465 2052 nomina
499 2014 558 2051 vel
593 2014 709 2051 verba
741 2026 839 2064 quae
870 2015 1069 2065 pertineat,
1102 2013 1213 2049 alteri
1246 2018 1392 2049 tantum
1425 2010 1576 2049 adiecta
1606 2013 1657 2049 sit
1688 2018 1726 2049 et

205 2085 316 2123 simul
349 2084 394 2122 ad
426 2086 532 2135 prius
563 2083 823 2121 subaudiatur.
887 2097 961 2135 quo
1008 2097 1092 2120 euin
1134 2083 1220 2127 fiat,
1273 2088 1314 2119 ut
1360 2081 1507 2133 aliquid
1549 2095 1571 2119 a
1609 2088 1724 2133 poeta

205 2158 415 2206 cogitatum
448 2154 702 2206 supplendum
743 2156 803 2200 sit,
852 2167 1138 2204 nonnumquam
1180 2151 1341 2190 audacia
1386 2151 1577 2203 loquendi,
1626 2165 1722 2203 quae

204 2227 292 2263 huie
322 2226 467 2275 figurae
498 2227 607 2267 inest,
641 2238 684 2262 eo
717 2230 888 2274 augetur,
919 2230 961 2260 ut
992 2225 1097 2260 vocis
1130 2223 1205 2259 alia
1237 2222 1363 2262 forma
1409 2220 1624 2272 supplenda
1673 2224 1723 2259 sit

201 2309 315 2347 quam
347 2308 446 2345 quae
478 2301 610 2345 postea
642 2294 750 2331 alteri
784 2293 951 2331 membro
983 2292 1133 2330 adiecta
1173 2291 1362 2336 audiatur,
1410 2291 1516 2328 velut
1559 2290 1717 2328 adiecti-

204 2379 296 2403 vum
327 2365 402 2402 alio
435 2379 524 2402 casu
555 2363 823 2402 retrahendum
856 2369 934 2401 est:

262 2436 360 2473 Aen.
393 2434 507 2478 VIII,
542 2436 591 2471 57
655 2436 737 2485 ipse
769 2447 839 2483 ego
872 2440 907 2471 te
940 2435 1034 2484 ripis
1065 2438 1101 2470 et
1132 2437 1264 2469 recto
1295 2430 1449 2468 flumine
1480 2429 1627 2468 ducam.

208 2512 244 2543 et
290 2505 420 2542 multis
460 2504 546 2540 aliis
589 2504 682 2541 loeis
719 2517 834 2554 supra
876 2503 1036 2540 collatis.
1099 2501 1200 2539 idem
1238 2513 1352 2551 saepe
1383 2500 1424 2536 fit
1457 2500 1572 2538 verbo
1604 2501 1722 2548 finito,

205 2575 350 2612 scilieet
392 2580 434 2612 ut
477 2573 552 2610 alio
583 2586 739 2610 numero
780 2573 842 2610 vel
874 2574 989 2610 etiam
1021 2572 1133 2609 aliter
1177 2570 1411 2608 declinatum
1457 2569 1720 2617 subaudiatur,

208 2650 250 2682 ut
281 2642 407 2694 his¹):

331 2791 364 2834 1)
391 2789 470 2824 vide
508 2790 579 2823 Leo
620 2789 640 2823 Ι.
669 2800 695 2824 s.
734 2800 768 2833 p.
796 2791 849 2823 37.
877 2788 913 2823 id
952 2799 1062 2831 genus
1100 2789 1234 2832 figura«—
1271 2799 1347 2823 rum
1375 2788 1582 2832 ana-phorae
1608 2786 1725 2824 forma-

212 2849 379 2901 ‹soniungi
406 2848 508 2883 solet.
562 2847 751 2887 ronferas:
