1923 3110
924 109 974 144 37

302 224 350 272 V,
383 225 434 262 63
644 225 750 274 ipsae
780 225 857 260 iam
888 223 1057 259 carmina
1088 235 1213 273 rupeS,

489 297 574 346 ipsa
606 299 743 332 sonant
773 294 939 332 arbusta.

192 384 265 422 huc
306 385 419 422 etiam
466 385 630 434 pertinet
671 383 779 420 locus
819 395 841 419 a
871 382 1001 419 Leone
1047 393 1167 431 nuper
1206 380 1420 417 illustratus
1465 382 1503 416 in
1536 379 1702 417 Hermae

190 456 265 494 vol.
297 454 539 501 XXXVIII,
570 469 604 506 p.
641 458 695 492 8:

306 541 373 580 ecl.
407 542 436 588 Ι,
470 555 502 578 v.
535 543 588 578 40
937 552 1059 591 neque
1091 540 1246 577 servitio
1278 551 1337 575 me
1369 539 1473 575 exire
1505 537 1643 575 licebat

635 623 702 648 nec
734 617 810 647 tam
844 615 1061 660 praesentes
1095 609 1165 646 ali
1184 608 1230 645 bi
1266 620 1494 657 cog-noscere
1525 606 1642 644 divos.

190 721 287 760 quae
318 707 443 756 verba
468 709 534 759 qui
566 709 637 744 viri
671 706 772 745 docti
805 708 1047 757 interpretari
1082 707 1205 743 conati
1239 710 1357 751 eraut,
1404 716 1534 741 omnes
1573 716 1704 740 verum

183 779 398 826 fefellerat,
450 794 534 817 cnm
582 783 668 818 ‘dibi
705 781 819 817 etiam
861 778 906 815 ad
941 778 1055 816 verba
1087 776 1373 815 antecedentia:
1424 790 1534 823 neque
1564 779 1705 813 servitio

189 851 281 902 (scil.
330 855 433 902 alibi)
481 866 532 888 me
575 856 691 895 excire,
738 850 1008 888 retrahendum
1063 863 1143 888 esse
1192 863 1267 887 non
1309 855 1592 897 cognoscerent.
1655 861 1701 884 ex

190 922 472 973 Georgicis
504 923 577 961 huc
609 923 707 960 trahi
740 928 921 974 possunt:

304 1015 357 1063 II,
391 1017 470 1053 323
532 1028 599 1053 ver
628 1014 723 1052 adeo
754 1013 877 1052 frondi
911 1027 1117 1059 nemorum,
1150 1026 1216 1051 ver
1245 1013 1339 1050 utile
1370 1012 1487 1050 silvis.

282 1088 353 1133 III,
389 1090 467 1124 112
531 1094 659 1124 tantus
691 1101 797 1124 amor
827 1087 996 1125 laudum.
1029 1092 1136 1123 tanta
1168 1093 1223 1123 est
1255 1086 1417 1122 victoria
1448 1097 1568 1122 curae.

305 1160 356 1202 II,
393 1161 471 1197 155
533 1173 579 1196 an
602 1172 716 1206 mare,
740 1159 839 1211 quod
862 1172 987 1209 supra,
1004 1170 1220 1204 memorem,
1243 1156 1422 1208 quodque
1443 1156 1551 1194 alluit
1572 1156 1703 1193 infra?

190 1252 252 1302 qui
285 1263 417 1288 versus
450 1253 487 1288 in
522 1250 692 1289 Aeneide
722 1251 800 1288 fere
831 1252 1016 1301 repetitus
1047 1255 1106 1287 est
1138 1249 1251 1293 VIII,
1288 1250 1363 1286 149

394 1349 428 1379 et
460 1356 563 1379 mare
596 1341 697 1393 quod
729 1355 854 1392 supra,
886 1346 1050 1387 teneant,
1083 1339 1261 1391 qnodque
1295 1339 1402 1376 alluit
1435 1338 1544 1375 infra.

191 1434 266 1473 Sed
298 1433 455 1472 verbum
489 1447 523 1472 α..
557 1447 592 1472 κ.
625 1435 790 1484 positum
824 1439 900 1470 tam
933 1445 1045 1484 saepe
1077 1433 1279 1478 invenitur,
1311 1437 1349 1468 ut
1384 1430 1493 1481 plura
1536 1429 1706 1467 indicare

189 1509 384 1553 omittam;
436 1519 552 1543 unuin
586 1506 708 1543 locum
741 1505 968 1555 adiungam,
1019 1518 1093 1555 quo
1140 1505 1371 1554 praepositio
1404 1501 1552 1540 (luobus
1584 1504 1703 1539 nomi-

188 1579 300 1617 nibus
332 1580 542 1616 communis
575 1578 683 1616 alteri
719 1577 869 1616 adiecta
901 1585 967 1623 est,
999 1591 1033 1627 g.
1069 1577 1140 1622 III,
1175 1578 1275 1613 277:

396 1669 602 1719 diffugiunt
634 1683 720 1711 non,
753 1670 866 1712 Eure,
900 1675 985 1706 tuos
1017 1681 1140 1719 neque
1171 1667 1263 1704 solis
1296 1666 1355 1703 ad
1388 1673 1503 1703 ortus.

188 1763 269 1800 sine
301 1762 505 1812 anaphora,
537 1764 590 1798 ita
623 1768 747 1799 tamen
780 1767 820 1798 nt
854 1761 913 1798 vel
947 1774 990 1799 ex
1025 1760 1156 1798 ordine
1180 1752 1363 1810 appareat
1384 1759 1702 1809 praepositionem

189 1846 271 1872 esse
303 1833 581 1872 retrahendam.
615 1840 670 1872 est
701 1848 735 1883 g.
772 1834 821 1880 ll,
855 1836 933 1871 ⁴53:

394 1925 460 1962 secl
492 1927 636 1962 truncis
668 1925 773 1963 oleae
804 1924 949 1969 melius,
982 1925 1192 1975 propagine
1223 1925 1321 1960 vites

395 1995 637 2047 respondent,
670 1995 815 2033 solidae
848 1995 1019 2046 Paphiae
1051 1994 1110 2032 (le
1143 1994 1277 2031 robore
1307 1999 1468 2044 myrtus.

303 2091 365 2128 Ex
398 2094 478 2133 eis,
525 2104 622 2142 qnae
655 2092 733 2129 Leo
765 2091 787 2127 l.
820 2091 841 2128 l.
875 2093 1089 2139 congessit,
1135 2102 1359 2139 cognoscas,
1403 2102 1447 2126 ea
1479 2090 1703 2139 compositio

190 2163 403 2209 verborum,
447 2163 590 2200 scilicet
641 2169 681 2200 ut
725 2163 848 2211 figura
881 2159 959 2201 ἀπὸ
992 2166 1125 2201 κοινοῦ
1157 2175 1241 2199 cum
1274 2160 1467 2212 anaphora
1499 2161 1703 2197 coniuncta

191 2237 251 2281 sit,
306 2248 419 2286 quam
451 2247 563 2285 saepe
594 2248 671 2271 non
703 2234 823 2271 solum
872 2233 972 2285 apud
1027 2240 1159 2284 poetas
1204 2234 1434 2271 recentiores
1479 2231 1541 2270 sed
1591 2233 1705 2269 etiam

190 2309 473 2358 antiquissimos
519 2313 554 2344 et
593 2309 754 2344 sermoni
803 2305 1015 2344 cottidiano
1057 2307 1253 2356 propiores
1295 2311 1336 2342 nt
1382 2303 1484 2355 aput]
1526 2303 1704 2340 Plautum

189 2380 327 2415 usitata
368 2380 428 2425 sit,
471 2380 564 2429 quin
593 2381 707 2416 etiam
740 2392 786 2416 ne
819 2379 866 2415 ab
899 2380 1069 2416 oratione
1102 2376 1267 2429 pedestri
1301 2376 1454 2428 quidem
1488 2375 1701 2413 abhorreat.

189 2463 236 2488 ne
267 2456 394 2488 autem
424 2450 525 2488 nube
556 2451 725 2488 locorum
759 2464 805 2488 ex
836 2451 1026 2497 Lucretio,
1064 2449 1218 2496 Ovidio,
1262 2448 1427 2495 Valerio,
1473 2448 1597 2486 Statio
1630 2447 1703 2485 eol-

188 2522 373 2561 lectorum
403 2529 535 2560 coacta
565 2525 604 2560 in
634 2535 674 2561 re
706 2536 773 2574 per
804 2536 843 2561 se
874 2521 1043 2560 dilucida
1074 2522 1249 2560 laborare
1281 2520 1426 2567 videar,
1467 2519 1514 2558 de
1544 2533 1702 2572 praepo-

188 2596 327 2632 sitione
363 2599 510 2631 tantum
559 2591 638 2634 ἀπὸ
670 2598 802 2634 κοινοῦ
832 2596 968 2646 posita,
1001 2606 1097 2645 quae
1128 2593 1302 2640 habeam,
1333 2591 1524 2629 indicabo
1586 2598 1701 2643 atque

189 2678 273 2703 cum
304 2663 404 2715 apud
438 2664 652 2714 Vergilium
684 2666 957 2715 praepositioni
989 2678 1027 2703 α.
1060 2677 1097 2703 κ.
1131 2665 1289 2714 positae,
1320 2669 1362 2701 ut
1393 2662 1568 2707 vidimus,
1609 2676 1699 2700 ana-

188 2737 329 2794 phorae
359 2738 504 2790 species
535 2736 664 2788 aliqua
694 2735 872 2774 accedere
902 2736 1034 2779 soleat,
1074 2749 1149 2787 qno
1190 2735 1339 2773 facilius
1370 2737 1558 2773 sentiatur
1593 2747 1698 2787 prae-
