1923 3110
940 133 962 169 5

187 248 223 280 et
256 244 369 279 undis
404 254 473 292 pro
517 246 628 281 undis
670 247 799 291 yelidis
838 246 911 282 nisi
951 248 1172 296 praemissis
1203 247 1342 295 verbis,
1375 250 1502 300 qualia
1534 259 1622 290 sunt
1654 258 1702 291 ad

186 313 342 358 fhwmina
375 314 540 358 primum
584 315 791 359 deferimus,
831 313 905 351 dici
953 328 1027 352 non
1071 328 1190 365 posse.
1252 330 1295 355 eo
1335 320 1434 355 enirn
1474 322 1602 357 statim
1634 336 1700 373 ap·

185 385 295 431 paret
323 394 492 429 sacroque
521 385 603 429 {selu
633 381 737 420 dicta
767 395 849 421 esse
881 383 928 421 de
957 384 1125 422 fluminis
1168 399 1268 437 aqua
1309 386 1470 439 ideoque
1514 403 1599 427 cum
1645 393 1699 428 eis

187 449 494 500 coniungendum
525 464 606 489 esse
636 452 794 490 verbum
824 457 945 491 mulis.

299 519 363 557 Ab
392 520 452 557 his
483 521 658 558 omnibus
689 521 841 559 diversa
872 529 929 560 est
959 536 1003 561 ea
1034 528 1155 561 torma
1186 529 1251 564 τοῦ
1284 525 1322 564 ἓν
1355 524 1419 565 διὰ
1457 526 1576 570 δυοῖν,
1618 543 1692 580 qua

185 589 284 626 duae
324 602 435 627 voces
474 590 663 640 particula
703 592 921 642 copulativa
964 596 1016 629 ita
1058 595 1156 631 inter
1197 608 1234 631 sc
1276 597 1475 633 coniuncta
1516 599 1614 645 sint,
1658 605 1699 636 ut

183 658 340 696 alteram
373 671 441 710 pro
483 661 684 709 genetivo,
731 660 779 698 ad
822 663 985 712 priorem
1017 676 1147 700 vocem
1179 666 1242 715 qui
1276 667 1482 714 pertineat,
1532 669 1694 717 positam

184 740 264 767 esse
305 734 448 779 putent.
509 730 726 780 exemplum
766 731 877 769 nobis
921 732 1077 783 praebet
1122 733 1250 780 locus,
1300 737 1360 772 cui
1404 736 1559 774 Servius
1604 737 1696 775 defi-

182 788 366 837 nitionem
398 804 466 839 τοῦ
498 799 536 839 ἓν
567 799 630 840 διὰ
662 799 769 840 ’δυοῖν
801 815 914 853 supra
946 802 1127 840 traditam
1159 803 1363 856 adscripsit
1382 803 1435 855 ¹l›:

300 869 395 907 Aen.
432 869 460 916 Ι,
495 872 539 907 61
751 872 964 923 molemque
995 878 1032 911 et
1063 881 1210 912 montes
1241 876 1398 926 insuper
1428 876 1526 913 altos

597 941 788 990 imposuit.

181 1022 302 1061 aequo
334 1011 414 1047 iure
445 1007 693 1065 ἐπεξήγησιν,
725 1011 771 1050 de
802 1026 878 1063 qua
910 1012 1006 1048 infra
1045 1012 1232 1060 scribam,
1272 1016 1464 1061 nomines,
1509 1029 1596 1052 nam
1640 1024 1696 1053 est

183 1080 284 1117 inter
312 1081 584 1117 usitatissimas·
614 1080 767 1129 figuras,
800 1087 841 1118 ut
872 1095 1009 1119 nomen
1043 1089 1271 1129 concretum,
1305 1083 1406 1134 quod
1438 1083 1611 1131 dicimus,
1643 1088 1696 1123 sic

185 1162 269 1186 cum
312 1148 504 1186 abstracto
545 1152 787 1187 coniunctum
829 1152 886 1188 sit.
957 1153 1016 1188 sin
1057 1151 1317 1190 definitionem
1361 1153 1409 1190 ad
1451 1155 1546 1191 Aen.
1580 1155 1609 1198 I,
1645 1158 1690 1192 0¹1

183 1217 312 1256 datam
343 1220 575 1270 respicimuS,
607 1219 721 1257 talem
753 1222 1059 1258 coniunctionem
1100 1221 1300 1260 verborum
1344 1223 1432 1261 licet
1479 1224 1621 1274 figurae
1654 1224 1693 1263 ἓν

184 1286 217 1327 δ.
251 1286 284 1327 δ.
318 1287 522 1326 vindicare.
584 1288 717 1327 eadem
749 1292 894 1341 species
925 1292 1145 1329 invenitur:

297 1370 390 1407 Aen.
427 1371 469 1417 V,
504 1373 553 1409 35
601 1378 640 1409 at
670 1372 803 1422 procul
835 1385 880 1410 ex
914 1372 1015 1410 celso
1047 1376 1206 1411 miratus
1238 1375 1379 1411 vertice
1411 1377 1552 1412 montis

604 1440 810 1479 adventum
843 1444 1041 1493 sociasque
1072 1449 1172 1480 ratos
1203 1445 1366 1481 occurrit
1392 1444 1559 1482 Acestes.

183 1524 306 1562 neque
346 1516 471 1549 tamen
511 1510 586 1549 dici
627 1518 752 1562 potest
791 1513 853 1550 hic
893 1518 1029 1563 poetae
1069 1512 1269 1551 audaciam
1312 1527 1393 1552 esse.
1425 1516 1506 1552 sine
1538 1517 1694 1553 ratione.

182 1582 297 1618 immo
328 1581 494 1619 breviter
524 1583 578 1618 sic
609 1581 755 1620 indicat
787 1582 964 1620 Acestem
998 1584 1159 1633 primurn
1193 1597 1310 1621 naves
1351 1583 1599 1622 advenientes
1640 1587 1696 1621 vi·

182 1649 294 1695 disse,
327 1657 405 1688 tum
438 1653 674 1701 cognovisse,
706 1665 803 1702 quae
835 1658 969 1689 essent.
1032 1666 1145 1689 unam
1180 1666 1256 1691 rem
1289 1655 1327 1690 iu
1360 1653 1454 1690 duas
1487 1667 1567 1692 esse
1599 1653 1695 1691 divi-

182 1734 262 1757 sam
294 1720 354 1758 liis
385 1734 536 1772 quoque
567 1721 662 1758 locis
694 1721 951 1759 confitendum
985 1729 1063 1759 est:

297 1802 390 1839 Aen.
424 1802 475 1848 Il,
509 1804 586 1840 319
622 1803 794 1840 Panthus
826 1802 1058 1854 Othryades,
1091 1806 1188 1841 arcis
1222 1803 1443 1856 Phoebique
1474 1805 1653 1843 sacerdos

182 1884 217 1921 h.
250 1896 281 1922 e.
329 1883 507 1921 sacerdos
550 1885 720 1931 Phoebi,
771 1887 834 1937 qui
881 1887 924 1943 jn
970 1899 1054 1923 arce
1098 1886 1244 1922 colitur.
1315 1886 1511 1933 similiter,
1564 1887 1695 1926 ordine

183 1955 334 1991 inverso

298 2034 391 2081 VII,
424 2036 503 2071 419
539 2034 577 2070 fit
611 2034 761 2085 Calybe
795 2035 956 2072 Iunonis
988 2049 1082 2073 anus
1114 2037 1322 2088 templique
1353 2036 1540 2075 sacerdos.

184 2115 285 2169 quod
318 2116 480 2165 legimus
512 2115 627 2152 simili
658 2117 805 2154 ratione
836 2115 981 2154 dictum

299 2197 394 2235 Aen.
423 2197 496 2243 III,
531 2198 610 2234 222
899 2204 936 2236 et
967 2198 1078 2236 divos
1109 2201 1310 2251 ipsumque
1341 2214 1520 2238 vocamus

638 2269 678 2304 in
708 2273 855 2318 partem
886 2267 1143 2320 praedamque
1183 2269 1324 2308 Iovem.

181 2338 377 2386 videmus,
428 2337 618 2390 quomodo
649 2336 826 2376 Grattius
875 2351 987 2376 versu
1037 2351 1172 2389 cyneg.
1206 2339 1244 2386 I,
1278 2341 1356 2377 247
1409 2339 1607 2379 debilitet:
1656 2345 1698 2378 in

182 2415 323 2455 partem
351 2410 512 2454 praedae
542 2411 660 2445 veniat
690 2421 809 2444 comes.

299 2476 378 2515 Cur
408 2476 560 2515 tandem
589 2476 784 2526 Vergilius
815 2489 899 2514 eam
931 2479 1234 2515 coniunctionem
1269 2477 1468 2515 verborum
1499 2481 1695 2527 amaverit,

183 2549 215 2585 si
246 2559 416 2598 quaeres,
458 2546 708 2598 respondebo,
739 2553 780 2584 ut
810 2546 928 2585 verba
958 2547 1112 2598 singula
1141 2550 1325 2586 maiorem
1357 2549 1435 2585 vim
1467 2551 1693 2600 acciperent.

281 2699 314 2743 1)
342 2697 465 2732 codem
487 2698 565 2732 loco
579 2698 723 2732 Servius
750 2699 858 2732 etiam
884 2709 948 2742 pro
976 2698 1138 2742 exemplo
1165 2698 1280 2732 utitur
1305 2699 1445 2733 nomine
1472 2699 1505 2732 ἓν
1531 2700 1581 2733 διὰ
1608 2700 1697 2733 δυοῖν

184 2758 307 2795 addito
333 2759 420 2793 Aen.
448 2757 491 2800 X,
521 2759 587 2791 754
627 2761 663 2791 et
700 2767 820 2801 georg.
848 2757 892 2799 II,
925 2759 998 2800 192,
1038 2757 1168 2792 omisso
1206 2756 1342 2802 figurae
1378 2759 1519 2792 nomine
1558 2760 1644 2793 Aen.
1673 2758 1697 2799 I,

188 2820 264 2861 111,
292 2819 370 2859 311,
398 2818 476 2851 648.
507 2816 549 2859 II,
577 2817 654 2850 420.
683 2815 725 2855 V,
752 2817 829 2850 431.
