1923 3110
914 121 955 156 11

296 236 363 284 VI,
398 238 477 274 623
549 235 610 273 hic
643 234 853 272 thalamum
883 235 1025 270 invasit
1057 237 1171 269 natae
1203 234 1418 283 vetitosque
1447 232 1689 283 hymenaeos,

266 306 359 352 XlI,
394 308 445 344 42
886 309 1016 340 natam
1048 308 1086 340 et
1117 301 1279 339 conubia
1309 308 1440 339 nostra
1471 307 1672 352 petentem,

283 376 357 422 III,
391 377 470 414 327
1248 373 1311 423 qui
1343 370 1481 408 deinde
1513 377 1662 409 secutus

495 444 687 483 Ledaeam
721 443 957 481 Hermionen
990 442 1391 493 Lacedaemoniosque
1432 441 1676 492 hymenaeos,

291 527 437 565 Poetae
468 532 522 564 est
553 538 631 563 rem
661 527 717 562 ita
748 524 974 576 depingere,
1021 529 1061 561 ut
1103 536 1179 560 non
1218 524 1411 560 notionem
1443 524 1583 560 siccam
1614 521 1693 560 effi-

181 597 268 640 ciat,
298 595 363 633 sed
394 596 504 634 nobis
534 608 685 633 sensum
717 595 882 646 aliquem
913 599 1074 632 moveat.
1136 591 1237 644 quod
1279 604 1394 643 saepe
1436 605 1480 629 eo
1520 591 1694 639 efficitur,

181 670 223 702 ut
252 667 398 703 notioni
430 679 508 704 rem
539 665 653 717 plane
684 664 866 702 indicanti
901 664 1020 701 altera
1052 662 1186 700 addita
1217 664 1267 699 sit
1297 661 1522 699 attributivo
1563 661 1694 713 aliquo

185 735 401 781 coniuncto,
433 735 537 772 velut

293 816 383 861 VII,
418 819 497 854 804
560 829 697 867 agmen
717 829 834 864 agens
865 817 1036 867 equiturn
1068 822 1104 852 ct
1136 814 1350 852 florentes
1381 824 1482 850 aere
1507 817 1695 861 catervas,

318 887 385 930 Vl,
419 888 498 923 ‘2:32
561 888 599 923 in
630 885 756 923 medio
789 899 915 923 ramos
947 897 1199 935 annosaque
1231 883 1388 921 brachia
1420 882 1520 920 tollit

326 957 378 1004 II,
416 959 539 1003 146s7
737 959 906 994 manicas
938 964 973 993 et
1006 962 1103 993 arta
1135 956 1254 992 levari
1290 954 1443 991 vincula

263 1027 376 1072 VIII,
405 1026 531 1079 244l5
555 1028 723 1065 infernas
755 1033 895 1064 reseret
925 1026 1032 1063 sedes
1064 1032 1099 1063 et
1132 1039 1249 1074 regna
1281 1023 1453 1061 recludat
1487 1021 1671 1073 pallida,

341 1098 369 1140 I,
404 1100 455 1136 53
554 1097 742 1134 luctantes
776 1102 909 1134 ventos
941 1101 1263 1146 tempestatesque
1294 1107 1493 1138 sonoras,

276 1167 369 1214 XII,
404 1169 483 1205 248
544 1167 699 1204 litoreas
731 1166 903 1215 agitabat
935 1178 1026 1203 aves
1059 1165 1283 1215 turbamque
1316 1169 1546 1200 sonantem

546 1238 709 1287 agminis
741 1236 888 1285 aligeri.

180 1331 255 1355 uno
286 1319 369 1356 loeo
401 1321 516 1356 etiam
549 1317 854 1357 animadvertere
886 1317 995 1355 nobis
1041 1317 1139 1361 licet,
1183 1329 1259 1367 quo
1292 1320 1402 1365 pacto
1434 1316 1541 1365 ipsae
1571 1326 1694 1359 voces,

181 1401 276 1439 quas
309 1388 356 1425 ad
389 1401 468 1426 rem
498 1387 781 1440 depingendam
815 1389 941 1435 elegit,
983 1392 1135 1437 poetam
1169 1385 1402 1429 induxerint,
1446 1390 1489 1421 ut
1538 1384 1697 1421 alteram

180 1457 348 1504 adderet,
379 1471 515 1510 nempe

300 1539 368 1587 VI,
400 1541 481 1578 734
1218 1549 1342 1588 neque
1374 1550 1487 1573 auras

494 1608 702 1660 dispiciunt
723 1608 877 1645 clausae
909 1606 1075 1645 tenebris
1106 1612 1143 1644 et
1175 1619 1326 1644 carcere
1357 1618 1482 1644 caeco.

178 1691 243 1729 ubi
277 1691 390 1742 plane
432 1691 623 1728 sufficeret
662 1694 803 1727 clausae
843 1692 1007 1732 tenebris
1059 1687 1124 1725 sed
1170 1687 1336 1732 verbum,
1384 1700 1457 1738 quo
1499 1700 1587 1723 usus
1623 1691 1694 1731 est,

180 1765 332 1806 clausae,
363 1767 406 1799 ut
436 1763 563 1810 imago
597 1759 764 1811 perfecta
794 1764 902 1801 esset,
935 1757 1075 1795 addere
1107 1759 1234 1806 coegit
1265 1765 1296 1795 et
1328 1746 1467 1795 carcere
1498 1771 1608 1794 caece.

296 1831 384 1870 Una
415 1844 474 1868 res
506 1829 765 1882 compluribus
795 1828 1016 1866 notionibus
1055 1827 1244 1878 particula
1285 1827 1475 1878 copulatis
1518 1839 1698 1877 expressa

185 1902 392 1951 imaginem
423 1902 659 1938 vivaciorem
690 1898 828 1936 efficit:

285 1981 398 2028 VIII,
432 1984 509 2019 '241
558 1987 596 2018 at
627 1993 762 2032 specus
793 1985 829 2018 et
861 1979 953 2017 Caci
985 1978 1135 2016 detecta
1166 1979 1344 2029 apparuit
1375 1979 1512 2026 ingens

554 2053 659 2100 regia
699 2056 736 2087 et
779 2048 978 2086 umbrosae
1011 2050 1162 2099 penitus
1194 2054 1351 2098 patuere
1384 2059 1579 2085 cavernae.

321 2120 393 2168 XI,
428 2122 506 2159 680
954 2125 1067 2169 caput
1099 2120 1234 2167 ingens
1265 2118 1340 2155 oris
1370 2117 1498 2155 hiatus

557 2196 593 2227 et
625 2189 747 2226 malae
777 2195 905 2226 texere
937 2188 1014 2238 lupi
1048 2201 1133 2225 cum
1174 2186 1354 2224 dentibus
1386 2186 1494 2227 albis,

182 2272 244 2310 ubi
295 2274 363 2310 toti
396 2271 495 2323 quod
542 2277 598 2309 est
628 2278 737 2318 capnt
768 2275 856 2317 lapi,
904 2283 990 2320 pars
1022 2268 1156 2306 addita
1187 2275 1243 2306 est
1277 2272 1391 2305 malae
1423 2282 1502 2306 oum
1531 2271 1699 2305 dentibus

185 2340 331 2395 albi31).
407 2342 630 2393 plerumque
674 2347 800 2378 autem
845 2340 934 2378 talis
974 2341 1174 2377 exornatio
1219 2338 1265 2376 ad
1309 2338 1525 2390 complures
1572 2343 1698 2388 partes

183 2414 378 2463 pertinens
431 2425 499 2463 per
530 2411 721 2448 adiectiva
753 2410 914 2447 alterum
958 2409 1066 2447 alteri
1112 2410 1259 2446 notioni
1301 2406 1435 2445 addita
1478 2407 1519 2444 fit
1545 2438 1553 2454 ,
1593 2408 1699 2444 cuius

184 2483 237 2518 rei
270 2483 454 2532 optimum
486 2481 703 2532 exemplum
734 2486 790 2517 est

282 2650 314 2689 1)
343 2647 517 2690 singula-ri
543 2646 696 2681 audacia
721 2651 776 2681 est
802 2646 845 2689 X,
873 2648 941 2679 496

599 2705 744 2749 rapiens
771 2704 940 2739 immania
966 2702 1127 2748 pondera
1155 2703 1266 2737 baltei

516 2764 800 2808 impressumque
826 2762 945 2797 nefas:

186 2835 251 2870 pro
278 2825 317 2858 in
344 2835 412 2869 quo
438 2825 647 2868 impressum
677 2826 751 2857 erat
776 2820 890 2864 nefas,
