1923 3110
961 113 1010 147 558

221 225 450 274 positionem
483 226 597 262 etiam
630 224 677 261 ad
710 227 816 276 prius
847 239 983 264 nomen
1016 227 1284 265 retrahendum
1317 241 1407 275 esse,
1439 242 1522 266 eam
1551 229 1738 267 cautelam

220 294 259 330 in
290 292 529 331 Lucretio
552 291 580 344 ¹)
611 294 753 332 frustra
785 297 913 347 quaeri
947 309 994 334 ex
1025 297 1084 334 his
1115 297 1210 334 locis
1231 296 1264 346 ²)
1295 297 1522 348 intellegas:

224 377 334 416 Lucr.
366 378 436 423 IV,
473 380 549 415 147
962 381 1025 418 ubi
1058 394 1192 432 aspera
1224 394 1318 419 saxa

620 454 686 486 aut
715 450 764 486 in
795 451 991 487 materiem
1023 450 1119 500 ligni
1147 453 1329 502 pervenit.

370 518 439 565 IV,
476 520 583 555 1024
615 518 755 557 flumen
789 521 878 557 item
910 521 1044 557 sitiens
1069 526 1133 558 aut
1165 520 1309 559 fontem
1340 526 1519 572 propter
1541 534 1741 560 amoenum

615 589 774 628 adsidet.

366 659 440 706 ΙΙΙ,
475 661 554 697 (523
1281 675 1404 713 neque
1434 663 1588 701 flamma
1619 667 1739 702 creari

613 728 834 766 fluminibus
867 730 1016 767 solitast
1048 744 1217 782 neque
1248 733 1287 769 in
1320 734 1399 782 igni
1424 734 1583 782 gignier
1615 733 1732 784 algor.

223 811 387 849 Ovidius
440 814 608 858 cautius,
654 812 692 847 in
733 812 1090 862 metamorphoseon
1130 813 1237 850 libris
1284 813 1438 865 quidem
1455 811 1510 865 3),
1555 820 1615 861 et,
1670 829 1738 853 suo

220 895 310 920 usus
359 882 538 928 artificio,
590 882 629 917 in
684 883 883 918 sententiis
935 885 1204 933 contrapositis
1256 886 1580 935 praepositionem
1627 885 1737 923 alteri

222 953 432 989 sententiae
464 952 617 988 inserit:

279 1038 365 1070 met.
398 1033 468 1077 VI,
505 1035 583 1070 190
646 1033 810 1083 ‘hospita
840 1038 881 1070 tu
913 1035 1024 1071 terris
1056 1046 1170 1077 erras,
1214 1035 1308 1085 ego',
1345 1035 1455 1083 (lixit,
1499 1038 1561 1073 ‘in
1601 1035 1737 1074 undis’.

221 1109 258 1141 et
376 1103 466 1140 VII.
503 1104 582 1140 708
646 1108 797 1154 pectore
820 1103 973 1141 Procris
995 1110 1086 1151 erat,
1118 1105 1272 1142 Procris
1294 1106 1388 1142 mihi
1410 1119 1558 1158 semper
1588 1108 1633 1143 in
1664 1120 1739 1145 ore.

221 1200 268 1226 ex
290 1188 326 1225 V
341 1188 387 1224 al
403 1201 422 1225 e
436 1189 474 1224 ri
490 1189 502 1224 i
526 1187 801 1237 Argonauticis
819 1187 850 1239 4)
883 1202 981 1240 quae
1012 1188 1134 1226 habeo
1166 1196 1385 1241 comparata
1403 1193 1489 1228 usui
1507 1191 1738 1229 Lucretiano

220 1259 421 1309 propriora
451 1263 540 1295 sunt
570 1270 685 1308 quam
716 1258 966 1308 Vergiliano:

219 1341 306 1378 Val.
340 1341 370 1387 I,
405 1342 484 1378 576
547 1342 728 1378 continuo
759 1340 938 1378 Aeoliam
970 1341 1253 1393 Tyrrhenaque
1284 1342 1408 1380 tendit
1440 1343 1500 1380 acl
1531 1349 1650 1391 antra,

344 1411 375 1457 Ι,
410 1412 488 1447 716
550 1424 627 1447 non
659 1410 860 1461 Scythicas
891 1410 994 1448 ferus
1025 1410 1091 1448 ille
1124 1410 1260 1448 (lomus
1290 1424 1359 1449 nee
1391 1412 1451 1449 ad
1483 1415 1580 1450 ostia
1611 1413 1739 1461 Ponti,

306 1480 376 1527 VI,
412 1482 490 1517 147
554 1480 697 1517 abeunt
728 1480 945 1532 Hyparnim
976 1481 1228 1532 fragilemque
1259 1494 1346 1532 per
1377 1481 1531 1521 undam.

258 1549 372 1598 VIII,
409 1550 487 1587 375
1160 1550 1262 1588 latus
1292 1550 1381 1589 inde
1412 1553 1604 1589 sinistrum

549 1618 827 1671 adversamque
857 1620 990 1672 procul
1024 1621 1169 1658 Peuces
1200 1620 1365 1658 defertur
1395 1623 1448 1659 in
1486 1635 1599 1660 oram.

223 1690 421 1742 anaphora
440 1687 471 1739 ⁵)
501 1691 697 1727 invenitur
727 1689 801 1737 ΙΙΙ,
836 1692 938 1728 712:

428 1772 541 1810 saepe
570 1765 685 1807 metu,
717 1773 831 1811 saepe
862 1762 911 1797 in
942 1762 1046 1797 tenui
1078 1759 1299 1798 discrimine
1329 1773 1464 1808 rerum,

218 1843 342 1881 neque
375 1829 574 1868 Statius
604 1831 730 1867 minus
762 1830 810 1867 ab
842 1844 912 1867 usu
943 1830 1167 1880 Vergiliano
1201 1829 1391 1881 discrepat
1422 1831 1552 1869 velut:

222 1911 346 1951 Theb.
380 1912 450 1959 IV,
485 1914 564 1949 312
884 1912 986 1963 fugit
1017 1912 1134 1949 silvas
1163 1914 1356 1963 pernicior
1387 1913 1477 1951 alite
1508 1919 1622 1951 vento

627 1996 721 2019 saxa
761 1995 849 2034 per
880 1988 917 2019 et
948 1982 1071 2033 plenis
1104 1982 1297 2019 obstantia
1327 1982 1485 2020 flumina
1515 1985 1618 2035 ripis.

378 2051 446 2095 IV,
481 2054 562 2089 (543
624 2051 690 2090 secl
711 2052 832 2089 furias
853 2054 1125 2103 geminumque
1146 2051 1253 2089 nefas
1274 2053 1509 2105 miserosque
1530 2066 1606 2105 per
1628 2067 1736 2093 enses

625 2144 665 2149 —
697 2124 729 2159 ei
763 2122 855 2160 mihi
888 2145 928 2150 ——
959 2121 1123 2160 crudelis
1155 2124 1274 2160 vincit
1305 2128 1423 2173 pater.

316 2276 350 2317 1)
379 2275 489 2309 trium
516 2276 674 2318 partium
701 2275 838 2310 mediae
865 2276 966 2310 doest
992 2277 1215 2320 praepositio
1243 2278 1348 2312 Luer.
1377 2277 1416 2321 V,
1448 2280 1512 2311 128

425 2335 517 2369 Sicut
544 2335 579 2368 in
605 2336 751 2368 aethere
778 2347 848 2368 non
876 2336 995 2377 arbor,
1024 2347 1092 2370 non
1121 2347 1276 2379 aequore
1304 2337 1398 2371 salso

426 2394 538 2428 nubes
566 2404 644 2429 esse
671 2400 823 2437 «luerent
849 2406 964 2438 neque
992 2396 1107 2438 pisces
1135 2396 1251 2429 vivore
1278 2396 1313 2429 in
1341 2397 1446 2430 arvis.

315 2460 350 2501 2)
378 2456 421 2490 cf.
450 2456 580 2489 Munro
608 2455 653 2489 ad
681 2456 785 2490 Luer.
814 2457 875 2499 111,
903 2460 980 2490 (3235.

314 2516 350 2559 3)
376 2514 419 2549 de
445 2515 597 2548 aliorum
627 2526 774 2558 operum
805 2515 920 2549 Ovidii
948 2516 1035 2549 locis
1064 2517 1188 2560 paucis
1216 2516 1294 2550 vide
1321 2517 1394 2552 Leo
1422 2529 1454 2561 p.
1483 2519 1537 2551 44.

313 2575 348 2619 4)
376 2573 419 2607 cf.
451 2574 661 2618 Langenum
690 2574 734 2608 ad
762 2575 840 2609 Val.
872 2575 922 2608 Fl.
952 2575 979 2618 I,
1007 2578 1074 2609 :376
1103 2580 1137 2609 et
1166 2576 1222 2619 VI,
1246 2578 1321 2609 147.

313 2638 350 2680 5)
378 2636 659 2680 praepositionis
695 2638 867 2671 retractio
895 2636 1039 2671 facilior
1074 2638 1137 2679 fit,
1175 2638 1235 2671 ubi
1272 2638 1366 2672 inter
1404 2649 1531 2673 nomen
1569 2639 1734 2674 substan-

217 2696 328 2730 tivum
355 2699 390 2729 et
418 2695 633 2730 adiectivum
661 2707 738 2730 vum
767 2707 807 2730 ca
835 2696 880 2730 ad
907 2697 1063 2740 priorem
1100 2697 1280 2732 notionem
1317 2697 1575 2732 retrahendum
1613 2699 1734 2742 posita

218 2758 273 2789 est
298 2754 395 2789 velut
420 2754 480 2796 VI,
511 2757 598 2788 Μῦς

413 2814 461 2846 sio
492 2824 606 2856 nequo
636 2817 739 2857 parte
767 2814 869 2847 ferox
898 2826 1013 2858 neque
1040 2815 1147 2850 caede
1174 2819 1336 2850 moratur
1362 2816 1409 2851 in
1440 2826 1521 2852 una.
