1923 3110
933 138 980 174 61

265 253 359 291 Aen.
393 253 466 298 HI,
503 255 579 290 408
611 252 713 291 hunc
743 254 832 289 socii
867 264 1007 289 morem
1039 265 1243 297 sacrorum,
1276 252 1377 289 bunc
1407 251 1487 301 ipse
1520 256 1656 289 teneto.

392 322 465 368 XI,
499 323 548 359 57
945 322 980 357 ei
1013 320 1117 366 mihi,
1149 325 1335 370 quantum

614 389 847 442 praesidium
878 389 1053 426 Ausonia
1083 394 1121 426 et
1154 394 1338 440 quantum
1370 395 1411 427 tu
1442 388 1571 441 perdis
1602 389 1696 429 Iule.

210 463 300 513 quin
332 463 447 499 etiam
479 466 648 511 tempore
679 465 825 496 mutato
854 458 1013 496 verbum
1043 457 1311 496 retrahendum
1343 465 1417 496 est:

323 530 419 578 XII,
452 531 502 568 96
875 534 910 565 te
942 529 1132 565 maximus
1165 528 1294 573 Actor,

523 604 562 637 te
592 598 716 636 Turni
748 611 849 635 nunc
879 596 1015 635 dextra
1044 595 1195 647 geritl).

206 667 283 708 Sed
322 667 444 707 obiter
489 674 634 706 tantum
681 668 753 705 hoc
797 668 904 718 tetigi
924 666 963 717 ²),
1018 673 1055 705 nt
1108 673 1311 718 appareret
1350 681 1425 705 non
1457 670 1537 706 sine
1570 671 1716 707 ratione

205 738 456 790 disputationi
506 737 554 776 de
602 738 724 788 figura
772 735 851 776 ἀπὸ
883 742 1014 776 κοινοῦ
1061 737 1210 775 adnecti
1254 737 1355 789 qnod
1399 740 1476 775 iam
1520 738 1715 776 tractabo:

170 810 174 814 ’
202 809 348 847 scilicet
380 822 663 859 nonnumquam
695 808 747 853 fit,
779 814 820 844 ut
853 807 1009 845 verbnm
1042 822 1062 843 n
1098 821 1172 858 qno
1195 806 1270 844 duo
1293 808 1441 845 obiecta
1464 807 1715 858 dependeant,

204 880 268 916 uni
302 884 449 916 tantum
480 877 713 924 satisfaciat3
751 876 850 927 quod
883 877 1023 914 novelli
1056 879 1295 927 grammatici
1329 891 1489 927 zeugma
1520 880 1716 916 nominare

204 949 336 986 solent.
398 950 452 985 ita
484 947 530 985 de
564 947 704 984 Darou·
737 961 819 984 cum
853 947 1006 984 Entello
1039 954 1235 998 pugnante
1267 947 1433 985 dicitur:

326 1118 421 1161 Vlll,
448 1120 516 1153 298
542 1130 604 1151 nec
632 1123 667 1151 te
694 1117 789 1151 ullae
817 1117 940 1159 facies,
968 1128 1036 1150 non
1063 1116 1193 1150 terruit
1222 1116 1298 1160 ipse
1325 1116 1527 1161 Typhoeus.

377 1176 418 1219 X,
446 1178 513 1211 534
539 1177 604 1211 hoc
631 1177 745 1220 patris
775 1177 951 1211 Anchisae
981 1187 1111 1218 inane&
1139 1176 1204 1209 hm·
1233 1176 1340 1209 sentit
1371 1175 1477 1210 Iulus,

208 1237 337 1281 Georg.
367 1237 425 1279 lv,
453 1238 520 1270 516
547 1237 643 1270 nulla
672 1236 804 1278 Venus,
834 1247 901 1270 non
929 1236 992 1269 nlli
1020 1236 1173 1269 :inimum
1201 1235 1333 1269 flexere
1361 1236 1558 1280 hymenaei.

206 1308 426 1343 contrarium
464 1318 587 1351 genus,
627 1312 666 1341 ut
704 1318 746 1341 ex
787 1312 890 1351 parte
926 1306 1160 1341 antecvdeuto
1198 1307 1343 1341 verbnm
1370 1307 1478 1341 aliter
1504 1306 1720 1342 declinatum

206 1366 464 1402 subaudiatur:

256 1439 342 1473 Aen.
373 1437 467 1480 Vm,
495 1439 603 1481 51819
631 1437 791 1472 Arcadas
819 1438 900 1472 hnic
929 1438 1067 1481 equites
1096 1438 1147 1471 bis
1168 1443 1319 1480 centuni,
1348 1438 1477 1473 robora
1507 1439 1611 1483 pubis

629 1497 722 1532 lecta
742 1496 842 1531 'dabo
870 1497 1091 1540 totidemque
1119 1507 1182 1531 suo
1209 1498 1273 1532 tibi
1303 1498 1442 1531 nomino
1470 1498 1602 1533 Pau-as.

206 1556 302 1602 (vide
329 1555 597 1590 adnotationem
625 1557 867 1601 ('011ingtoni.)

210 1606 218 1609 ¹
256 1616 366 1659 eclog.
395 1615 490 1658 vill,
517 1618 561 1650 82
576 1615 741 1660 Daphnis
769 1627 822 1651 me
851 1616 964 1651 malus
983 1617 1066 1658 urit,
1095 1627 1160 1657 ego
1177 1617 1267 1651 hanc
1296 1617 1330 1651 in
1357 1617 1546 1662 Daphnide
1567 1618 1719 1653 laurum.

185 1712 188 1715 ,
210 1675 337 1720 quibus
365 1675 482 1710 verbis
509 1675 693 1710 Theocriti
720 1686 859 1710 versum
888 1676 993 1710 vertit
1021 1676 1063 1719 11,
1091 1678 1157 1711 23:

396 1732 514 1780 Δέλφις
541 1732 590 1778 ἔμ’
623 1734 760 1773 '‘mutave-1,
789 1736 852 1780 ἑνὶ»
882 1735 909 1768 δ’
938 1737 988 1769 ἐπὶ
1016 1733 1148 1780 Δέλφιόι
1175 1736 1301 1782 δάφναν

395 1794 494 1829 amm.

331 1857 363 1900 1)
391 1860 488 1890 recte
515 1856 660 1890 Servius
687 1857 867 1900 explicat:
904 1857 1143 1891 subaudimus
1170 1860 1287 1892 ‘antea
1311 1869 1430 1902 [perere.
1455 1859 1724 1902 cmvsue·vev·at';

213 1926 256 1949 ex
283 1915 412 1958 verbis,
440 1925 530 1958 quae
558 1922 768 1959 sequuntur,
802 1927 897 1950 nunc
919 1917 1009 1961 qerit
1035 1917 1071 1950 in
1097 1917 1218 1961 priore
1244 1923 1348 1961 parte
1374 1916 1589 1952 subauditur
1615 1922 1722 1953 antea

202 1975 329 2019 yessit3
369 1984 484 2017 neque
508 1974 729 2009 Ribbeckius
757 1986 960 2019 proponere
987 1975 1163 2011 debebat:
1201 1987 1275 2010 non
1300 1978 1482 2011 ‘rna-‘cimus
1511 1982 1629 2012 Actor.
1680 1978 1724 2013 si—

206 2033 337 2068 militer
360 2033 504 2068 verbum
530 2034 565 2067 in
605 2035 820 2068 sententiam
860 2035 1109 2069 secundariam
1148 2035 1406 2070 retrahendum
1444 2036 1541 2071 aliud
1580 2042 1721 2081 tempus

206 2092 368 2137 flagitat:

254 2153 317 2187 ecl.
346 2153 422 2196 VII,
449 2156 493 2188 22
664 2153 770 2197 quale
797 2164 872 2189 meo
902 2153 1030 2197 Codro,
1057 2153 1251 2198 concedite,

354 2213 422 2255 ⁴VI,
453 2214 496 2247 69
515 2213 579 2248 hos
606 2213 672 2247 tibi
697 2212 785 2248 dant
811 2213 978 2257 calamos,
1005 2223 1049 2248 en
1076 2213 1209 2258 accipe,
1242 2215 1376 2257 Musae,

538 2275 696 2308 Ascraeo
725 2282 812 2316 quos
839 2278 923 2308 ante
950 2273 1036 2307 seni.

322 2333 359 2375 2)
385 2331 550 2366 infinitivi
577 2332 691 2366 forma
718 2342 826 2376 saepe
852 2343 896 2367 ex
925 2332 1032 2367 verbo
1060 2333 1261 2367 sententiae
1289 2332 1482 2377 primariae
1520 2334 1555 2368 in
1596 2344 1720 2369 secun-

207 2389 310 2424 daria
336 2390 538 2435 supplenda
563 2396 638 2426 est:

255 2462 298 2502 V,
325 2464 392 2497 813
419 2467 530 2505 tutus,
558 2474 646 2507 quos
673 2467 778 2508 optas
806 2468 943 2509 portus,
970 2463 1118 2499 accedet
1143 2464 1286 2499 Averni.

213 2531 300 2565 quos
327 2525 429 2565 optas
455 2521 529 2556 scil.
557 2533 636 2557 eum
662 2533 741 2558 esse
768 2532 1006 2558 accessurum.

257 2591 313 2635 VI,
341 2594 383 2626 31
436 2597 574 2636 partem
602 2604 709 2638 opere
736 2594 771 2627 in
799 2597 911 2637 tanto,
939 2595 1073 2630 sineret
1099 2595 1213 2639 dolor,
1245 2596 1355 2638 Icaro,
1383 2595 1535 2629 haberes

256 2651 317 2693 IX,
345 2653 414 2685 300
438 2662 502 2695 per
529 2656 639 2696 caput
664 2653 732 2687 hoc
758 2654 850 2696 iuro,
878 2664 943 2697 per
970 2654 1065 2697 quod
1091 2659 1196 2699 pater
1222 2658 1306 2690 ante
1333 2654 1483 2689 solebat.

274 2710 317 2750 X,
344 2711 413 2745 628
914 2712 1001 2754 quid
1026 2713 1056 2748 si
1087 2724 1178 2756 quae
1203 2724 1289 2749 voce
1316 2713 1490 2757 gravaris,

435 2772 551 2803 mente
579 2767 683 2803 dares
699 2770 715 2803 ἵ)

210 2828 255 2864 ι·ί”.
284 2829 355 2863 Leo
383 2829 404 2862 l.
434 2842 459 2862 s.
491 2840 522 2872 p.
552 2830 594 2861 47
624 2839 675 2871 sq.
703 2830 746 2862 32
774 2839 825 2870 sq.
