1923 3110
965 74 1013 111 71

230 189 451 238 praeposuit
482 192 638 235 fratrem
673 191 713 225 in
743 196 823 226 vota
851 193 1008 237 rocavit3
1048 194 1129 227 tum
1167 192 1274 241 quasi
1307 202 1347 228 se
1377 191 1565 242 recipiens
1596 193 1743 242 pergit:

229 260 306 294 iam
333 260 423 305 fiyit.
485 271 568 294 cum
601 257 770 296 Homero
801 260 841 296 in
880 258 952 295 hac
989 258 1244 309 descriptione
1261 256 1303 308 ¹),
1347 265 1390 297 ut
1431 260 1539 306 solet,
1582 261 1744 298 certavit

235 331 348 376 poeta
366 326 528 364 Latinus
550 332 665 378 atque
696 328 767 365 hac
797 340 837 365 re
868 327 916 365 ab
948 328 1014 365 illo
1045 329 1212 366 maxime
1244 328 1380 375 differt,
1412 329 1515 379 quod
1538 330 1746 367 Homerica

236 395 454 433 admirabili
488 402 569 434 arte
601 399 852 447 comprimens
883 396 922 433 id
954 411 1069 434 unum
1099 399 1138 434 in
1170 399 1303 448 primis
1334 397 1548 436 describere
1570 399 1746 437 volebat:

233 465 361 502 subito
391 470 542 516 praeter
572 467 900 516 exspectationem
932 471 1142 503 ceterorum
1176 466 1391 504 columbam
1424 469 1497 504 iam
1544 468 1744 506 liberatam

230 547 314 572 esse
343 534 470 572 fixam.
532 533 635 584 quod
677 540 717 571 ut
749 534 914 572 efficeret
944 534 1107 573 diversis
1139 535 1372 586 temporibus
1414 536 1614 574 verborum
1653 551 1744 576 usus

233 610 298 642 est.
360 617 448 641 nam
480 617 565 641 cum
597 603 753 655 perfecti
787 610 935 655 tempus
967 605 1128 654 (vocarit)
1160 605 1278 643 verba
1326 611 1436 643 antea
1481 606 1613 644 audita
1647 614 1746 654 rupit

230 673 346 724 (510)
375 677 475 722 fuyit
506 674 622 724 (512)
654 676 860 722 continuet,
907 688 1006 712 nova
1050 688 1108 713 res
1139 688 1261 726 neque
1293 681 1512 726 exspectata
1557 680 1743 727 praesenti

180 794 184 798 -
229 748 398 793 tempore
429 742 642 781 indicatur:
675 751 751 781 tum
782 748 939 791 rapidus
973 776 1184 783 ......
1217 749 1299 793 ftgye't
1318 744 1361 797 ²).
1424 758 1521 797 quae
1546 752 1745 793 structura,

228 826 314 850 cum
344 825 435 850 sane
465 818 579 864 poeta
610 813 830 851 anacolutbi
863 814 1020 851 formam
1063 827 1303 865 progressum
1335 815 1605 866 impedientem
1638 818 1743 861 vitet,

229 888 357 920 tamen
388 881 580 932 quomodo
613 896 697 920 cum
731 883 960 921 anacolutho
993 883 1207 930 cohaereat,
1238 884 1352 921 facile
1384 883 1577 922 videmus:
1617 887 1744 936 potius

227 954 474 1002 cogitationis
505 952 776 990 anacoluthum
807 967 921 1004 quam
953 959 1166 991 structurae
1197 952 1271 991 dici
1304 958 1441 1005 potest.

346 1021 582 1059 Anacoluthi
614 1022 758 1069 forma,
803 1022 850 1060 dc
881 1037 955 1074 qua
986 1022 1099 1060 modo
1129 1022 1314 1070 disserui,
1358 1037 1433 1060 non
1476 1025 1573 1061 inter
1603 1036 1647 1061 ea
1678 1030 1745 1071 est,

232 1103 341 1143 quae,
373 1104 458 1128 cum
489 1097 594 1129 certa
624 1093 771 1129 rationo
803 1094 1001 1138 usitentur,
1034 1094 1202 1130 omnium
1234 1099 1433 1144 poetarum
1466 1095 1563 1130 sint:
1605 1093 1746 1131 frustra

233 1160 373 1197 similia
415 1160 515 1211 apud
550 1159 748 1207 Ovidium,
792 1175 814 1198 a
858 1163 966 1199 cuius
1006 1168 1086 1199 arte
1126 1161 1165 1199 id
1212 1175 1332 1211 genus
1371 1162 1551 1200 dictionis
1583 1163 1747 1201 alienum

229 1243 312 1268 esse
354 1243 428 1267 non
475 1230 696 1276 miraberis,
739 1244 807 1268 nec
849 1245 925 1268 non
971 1233 1084 1269 etiam
1128 1231 1231 1282 apud
1272 1232 1469 1269 Valerium
1511 1238 1547 1269 et
1580 1232 1745 1270 Statium

226 1312 395 1350 quaeres.
446 1306 577 1337 contra
599 1313 712 1351 quam
735 1301 954 1338 anacoluthi
978 1301 1137 1338 formam
1161 1302 1255 1339 Aen.
1277 1302 1320 1348 V,
1338 1304 1417 1339 704
1442 1317 1494 1353 sq.
1530 1306 1582 1353 (p.
1604 1305 1653 1339 (57
1670 1304 1740 1353 sq.)

229 1369 507 1420 explicavimus
540 1382 662 1420 neque
694 1384 717 1407 a
748 1370 902 1407 Valerio
935 1383 1056 1421 neque
1098 1384 1120 1407 a
1153 1372 1251 1409 Stati
1282 1371 1483 1409 Thebaide
1514 1378 1571 1409 est
1605 1372 1740 1409 aliena.

229 1453 326 1477 unus
359 1438 512 1490 quidem
556 1439 661 1477 locus
695 1439 915 1486 Valerii,
958 1442 1133 1492 quamvis
1180 1447 1379 1492 corruptus
1423 1443 1484 1489 sit,
1527 1447 1628 1480 certe
1669 1442 1742 1480 huc

232 1508 358 1547 afferri
388 1515 538 1560 potest:

230 1578 325 1628 Arg.
358 1579 410 1625 II,
445 1581 522 1616 316
558 1584 647 1616 tunc
679 1581 794 1616 etiam
826 1585 934 1617 vates
966 1580 1121 1617 Phoebo
1154 1579 1294 1618 dilecta
1326 1580 1477 1631 Polyxo

473 1671 529 1676 ——
560 1662 635 1686 non
668 1651 842 1700 patriam,
875 1663 951 1687 non
984 1656 1087 1687 certa
1118 1663 1248 1699 genuS,
1280 1650 1344 1688 sed
1378 1652 1545 1687 maxima
1579 1650 1649 1670 *³⁹⁶*

565 1719 779 1770 Proteaque
812 1719 1030 1769 ambiguam
1063 1719 1215 1756 Phariis
1247 1718 1317 1738 *³⁴⁶*
1349 1719 1396 1756 ab
1423 1723 1549 1757 -autris

563 1789 636 1825 huc
668 1790 811 1825 rexisse
845 1791 926 1825 vias
957 1791 1095 1826 iunctis
1127 1802 1241 1841 super
1272 1802 1438 1841 aequora
1468 1790 1601 1841 phocis
1639 1814 1680 1818 —

565 1858 659 1896 haec
691 1860 778 1895 imis
812 1871 852 1896 se
883 1858 1016 1896 condit
1048 1861 1159 1910 aquis
1190 1865 1444 1910 cunctataque
1477 1860 1631 1910 paulum

563 1930 685 1978 surgit
718 1935 755 1966 et
767 1925 796 1978 ³)
830 1927 980 1966 auditas
1011 1929 1178 1966 referens
1210 1931 1248 1966 in
1280 1931 1432 1979 gurgite
1463 1941 1575 1967 voces

571 2001 731 2049 ‘portum
764 1997 907 2035 demus*
941 2001 1006 2044 ait,
1041 2029 1207 2036 .....

330 2109 363 2151 1)
390 2111 473 2143 sunt
503 2109 622 2144 Iliadis
650 2121 772 2145 versus
800 2111 823 2156 ψ
851 2113 920 2145 870
946 2122 996 2155 sq.
1038 2111 1163 2145 vitavit
1199 2110 1378 2154 Vergilius
1423 2109 1587 2144 mendum
1627 2120 1750 2144 narra-

233 2167 324 2202 tioni
363 2168 408 2202 ab
434 2167 546 2203 aoedo
575 2168 728 2212 quodam
755 2169 943 2204 Homerico
970 2170 1122 2213 illatum,
1149 2174 1246 2204 certe
1272 2181 1342 2204 non
1370 2170 1414 2204 ab
1440 2170 1518 2213 ipso
1546 2173 1664 2213 poeta,
1693 2169 1753 2212 qui

235 2227 342 2261 huius
367 2219 576 2262 'certaminis
606 2233 855 2272 argumentum
883 2229 1031 2272 inuenit,
1059 2233 1094 2264 et
1120 2229 1155 2263 in
1175 2229 1321 2264 scholiis
1339 2239 1481 2272 quoque
1500 2228 1752 2272 vituperatum,

235 2296 305 2328 qua
331 2287 514 2321 Achilleus
542 2288 694 2321 alterum
723 2288 877 2332 pretium
905 2289 1083 2332 promittit
1111 2300 1148 2323 se
1185 2289 1216 2322 oi
1252 2287 1418 2322 daturum
1451 2298 1539 2330 esse,
1580 2287 1638 2330 qui
1678 2287 1750 2321 vin-

237 2345 317 2378 cula
359 2346 545 2381 columbae
587 2347 658 2381 telo
697 2348 847 2391 ruperit.
901 2348 1008 2392 paulo
1051 2348 1159 2382 aliter
1193 2347 1237 2381 de
1276 2351 1424 2382 auctore
1463 2346 1603 2390 lepidae
1643 2346 1748 2381 huius

234 2401 487 2448 descriptionis
514 2406 651 2441 iudicat
676 2407 811 2441 Heinze
837 2407 859 2441 1.
887 2418 913 2441 s.
943 2418 975 2450 p.
1010 2409 1082 2441 159.

337 2466 372 2509 2)
411 2464 505 2499 idem
533 2466 723 2500 artificium
751 2466 948 2500 exhibitum
977 2470 1031 2500 est
1058 2466 1094 2500 in
1120 2466 1228 2500 alium
1255 2466 1420 2500 effectum
1447 2467 1533 2499 Aen.
1550 2465 1591 2507 V,
1614 2467 1676 2498 161
1693 2475 1744 2508 sq.

439 2524 539 2558 illum
565 2529 601 2558 et
626 2525 806 2559 labentem
832 2525 963 2560 Teucri
989 2530 1025 2559 et
1050 2525 1164 2559 risere
1190 2529 1375 2559 natantem

441 2586 476 2616 et
503 2583 617 2617 salsos
644 2583 763 2617 rident
788 2588 1029 2618 revomentem
1055 2589 1202 2628 pectore
1227 2572 1387 2618 flnctuss
1707 2626 1711 2629 ι

236 2641 311 2676 scil.
340 2640 494 2685 perfecti
519 2646 681 2685 tempore
707 2643 844 2685 (risere)
871 2643 996 2685 utitur,
1021 2646 1061 2677 ut
1094 2642 1232 2685 aliquid
1258 2642 1328 2676 iam
1356 2642 1591 2686 praeteritum
1617 2641 1750 2677 descri-

238 2701 311 2743 bat,
338 2699 465 2734 deinde
492 2700 600 2734 verbo
627 2701 743 2734 rident
768 2700 812 2734 ad
839 2705 980 2745 tempus
1007 2711 1178 2744 praesens
1204 2701 1409 2735 revertitur.

335 2760 370 2806 3)
401 2763 431 2794 et
457 2759 614 2796 correxit
641 2770 684 2795 ex
709 2758 844 2795 tradito
871 2764 909 2794 ut
936 2760 1145 2795 Koestlinus
1173 2760 1300 2796 Philol.
1329 2763 1384 2804 39,
1411 2762 1489 2796 248.
