1923 3110
928 115 980 152 67

228 230 308 265 425
341 241 397 279 sq.
418 225 459 278 ¹).
522 228 593 265 hoe
633 227 746 265 modo
778 230 1106 266 continuationem
1148 231 1447 281 interrumpere,
1494 229 1596 282 quod
1642 228 1745 281 apud

226 297 446 335 Lucretium
478 311 762 347 nonnumquam
792 297 1037 346 neglegentia
1067 298 1233 348 quadam
1265 299 1345 337 fieri
1378 302 1510 348 negari
1543 301 1685 352 nequit,
1717 313 1740 336 a

229 367 388 417 Vergilii
422 379 596 404 sermone
625 380 700 403 non
731 366 897 404 alienum
930 372 998 404 est.
1060 366 1126 404 sed
1159 369 1214 404 ita
1258 368 1474 406 huiusmodi
1517 369 1748 407 anacolutho

228 449 318 474 usus
349 442 416 483 est,
457 442 499 473 ut
528 435 773 485 neglegentia
803 434 842 471 id
873 435 1016 472 factum
1047 448 1131 473 esse
1162 436 1269 473 nullo
1302 437 1415 474 modo
1447 437 1575 476 dicere
1610 440 1744 491 possis.

340 506 470 556 Atque
507 517 583 542 non
620 517 733 554 agam
779 503 828 541 de
875 504 1096 542 anacoluthi
1145 518 1284 555 genere
1299 505 1344 555 ²),
1394 507 1507 557 quale
1537 513 1594 545 est
1624 508 1744 558 eclog.

228 575 341 621 VIII,
375 577 396 612 6

455 643 518 680 Tu
549 642 656 688 mihi,
688 654 755 680 seu
785 645 916 693 magni
948 656 1107 694 superas
1137 645 1214 681 iam
1245 657 1340 682 saxa
1372 645 1542 693 Timavi,

456 714 539 749 sive
571 725 674 748 oram
707 712 856 763 Illyrici
889 713 986 762 legis
1018 715 1195 764 aequoris
1226 737 1268 741 —
1313 727 1360 752 en
1391 716 1463 752 erit
1494 728 1674 766 umquam

451 782 518 818 ille
549 780 643 828 dies,
674 781 767 818 mihi
802 795 886 819 cum
918 782 1032 820 liceat
1066 789 1131 820 tua
1163 782 1290 821 dicere
1321 783 1454 821 facta?

222 865 270 903 de
312 877 386 915 quo
418 863 500 901 loco
538 862 689 900 Vahlen
722 862 899 901 disseruit
931 865 968 900 in
1000 863 1126 902 indice
1158 864 1365 902 lectionum
1402 868 1507 903 1888
1540 880 1577 917 p.
1614 868 1634 904 6
1669 867 1736 917 (ct.

222 936 338 973 etiam
369 934 448 971 Leo
480 931 529 969 ad
561 932 704 970 Culicis
735 946 866 970 versus
901 936 951 970 20
984 934 1071 984 sq).

336 1004 482 1041 Notum
522 1008 598 1049 est,
642 1008 877 1053 quantopere
915 1002 1110 1050 Vergilius
1147 1017 1169 1040 a
1201 1003 1434 1041 Lucreti-ana
1465 1007 1743 1043 sententiarum

222 1074 506 1112 continuatione
537 1085 604 1123 per
635 1072 772 1109 multos
806 1086 938 1110 versus
972 1078 1094 1110 tracta
1125 1073 1338 1111 abhorreat.
1402 1076 1543 1125 itaque,
1589 1075 1654 1112 ubi
1686 1089 1744 1113 or-

222 1143 301 1181 dini
345 1142 524 1180 incohato
568 1148 733 1178 mentem
782 1143 820 1178 in
865 1142 980 1179 aliam
1025 1144 1296 1191 cogitationem
1330 1143 1484 1181 flectens
1516 1144 1593 1181 alia
1624 1157 1743 1182 enun-

220 1215 315 1251 tiata
345 1213 572 1257 intermittit,
615 1224 663 1248 ne
694 1213 878 1248 circuitus
913 1211 1065 1261 longior
1096 1213 1173 1259 fiat,
1203 1215 1484 1250 constructione
1516 1216 1642 1264 priore
1685 1227 1741 1252 re-

218 1283 309 1320 licta
340 1280 463 1319 denuo
494 1282 644 1317 initium
676 1282 889 1318 sententiae
921 1282 1022 1318 facit.
1085 1280 1200 1332 quod,
1232 1288 1273 1319 ut
1306 1281 1410 1319 facili
1433 1282 1608 1333 exemplo
1642 1289 1740 1331 utar,

218 1352 428 1389 illustratur
458 1349 631 1387 versibus
662 1349 756 1387 Aen.
791 1350 884 1397 XII,
920 1354 1001 1388 861
1044 1364 1126 1402 sq.:

449 1437 652 1482 postquam
685 1432 787 1468 acies
819 1431 924 1469 videt
956 1431 1098 1469 Iliacas
1129 1438 1243 1483 atque
1275 1434 1433 1482 agmina
1465 1433 1603 1480 Turni,

451 1501 554 1538 alitis
585 1503 624 1538 in
656 1513 798 1551 parvae
830 1501 996 1538 subitam
1029 1502 1187 1539 collecta
1219 1502 1390 1551 figuram,

450 1583 550 1621 quae
581 1570 772 1621 quondam
805 1570 927 1608 bustis
958 1577 1025 1608 aut
1056 1571 1286 1608 culminibus
1319 1571 1477 1610 desertis

449 1646 560 1678 nocte
591 1639 728 1677 sedens
759 1654 883 1678 serum
915 1643 1016 1678 canit
1049 1643 1265 1692 importuna
1297 1654 1365 1692 per
1396 1641 1562 1689 umbras,

446 1710 547 1747 hanc
578 1723 687 1747 versa
719 1712 756 1747 in
789 1711 923 1748 faciem
955 1711 1077 1748 'ani
1114 1724 1153 1749 se
1185 1713 1306 1762 pestis
1337 1711 1384 1748 ob
1417 1724 1483 1752 ora

453 1780 600 1831 fertque
633 1780 825 1831 refertque
857 1794 996 1818 sonans
1028 1811 1275 1819 .......

216 1861 278 1899 ubi
312 1863 548 1899 enuntiatum
578 1861 792 1909 relativum,
827 1876 900 1913 quo
932 1862 1010 1900 ales
1042 1862 1108 1900 illa
1139 1862 1310 1900 funebris
1333 1861 1565 1913 depingitur,
1611 1861 1729 1900 efficit

216 1937 257 1968 ut
289 1930 468 1982 apodosis
499 1930 622 1969 denuo
670 1937 817 1983 repetat
863 1945 961 1983 quae
991 1933 1067 1969 iani
1099 1931 1203 1970 dicta
1235 1937 1331 1970 sunt.
1394 1933 1471 1969 iam
1515 1932 1630 1983 paulo
1672 1934 1730 1969 in-

218 2002 390 2038 tricatior
421 2006 477 2038 est
506 1999 602 2038 ordo
641 2001 734 2038 Aen.
770 2001 815 2048 V,
850 2003 951 2038 704:

450 2087 530 2119 tum
561 2083 689 2119 senior
722 2082 879 2128 Nautes
901 2096 1017 2120 unum
1050 2083 1228 2120 Tritonia
1260 2082 1391 2119 Pallas

452 2163 564 2201 quem
596 2150 727 2188 docuit
757 2151 953 2202 multaque
984 2154 1172 2202 insignem
1207 2151 1378 2190 reddidit
1409 2158 1501 2197 arte,

451 2243 503 2247 —
537 2219 608 2257 hae
625 2216 655 2269 3)
688 2232 869 2271 responsa
900 2220 1030 2268 dabat,
1063 2220 1123 2258 vel
1158 2234 1252 2271 quae
1284 2219 1530 2272 portenderet
1560 2221 1618 2256 ira

318 2381 351 2423 1)
379 2380 435 2413 cui
461 2380 631 2415 Giussani
658 2381 866 2416 coniectura
893 2382 1114 2416 Lachmanni
1141 2382 1176 2415 in
1211 2392 1352 2417 versum
1378 2383 1446 2415 428
1482 2385 1629 2425 recepta
1663 2381 1738 2415 iam

220 2449 284 2483 pro
310 2450 396 2474 nam
422 2452 492 2475 non
519 2452 582 2476 suo
610 2442 688 2477 iure
715 2447 902 2487 repugnat.

311 2499 348 2544 2)
374 2499 480 2543 plane
523 2502 689 2536 omittere
725 2513 870 2546 possum
907 2502 1115 2537 anacoluthi
1149 2513 1260 2546 genus
1299 2501 1395 2546 apud
1435 2501 1630 2546 Vergilium
1667 2501 1737 2536 fre-

223 2557 505 2603 quentissimum,
542 2559 637 2603 quod
670 2560 707 2594 in
733 2562 929 2596 enuntiatis
956 2562 1116 2596 relativis
1152 2561 1343 2605 invenitur,
1369 2560 1413 2595 de
1440 2572 1509 2604 quo
1536 2560 1616 2595 vide
1629 2561 1736 2605 Wag-

220 2616 298 2650 neri
325 2622 462 2659 quaest.
490 2618 589 2662 Virg.
620 2630 652 2662 p.
681 2621 759 2653 555.

310 2676 346 2720 3)
371 2675 544 2710 traditum
570 2680 626 2711 est
651 2678 737 2712 haec
762 2678 797 2711 in
825 2679 988 2712 omuibus
1016 2678 1117 2713 codd.
1146 2683 1294 2723 praeter
1311 2680 1512 2721 Bern.184‚
1540 2678 1600 2721 qui
1625 2678 1735 2712 habet

215 2735 292 2770 hac.
351 2735 527 2778 quomodo
563 2736 649 2771 haec
684 2737 719 2770 in
755 2736 895 2772 codices
933 2738 1122 2781 irrepserit
1165 2737 1273 2772 facile
1314 2738 1559 2782 intellegitur;
1609 2747 1735 2780 nempe

219 2795 393 2839 scriptum
432 2798 487 2829 est
526 2805 592 2839 pro
622 2796 690 2830 hac
727 2806 748 2830 a
787 2796 946 2830 librariis
974 2796 1035 2839 qui
1064 2797 1171 2831 verba
1198 2802 1238 2831 ut
1266 2797 1424 2841 Ileynius
1452 2795 1727 2838 coniungebant:

1406 2861 1427 2895 ὃ
1443 2857 1464 2877 ἥδ
