1923 3110
910 79 962 114 72

172 206 261 230 nam
301 194 341 229 in
384 204 495 230 versu
539 193 619 230 320
651 195 757 240 haec,
802 192 905 244 quod
937 192 1133 231 Baehrens
1164 195 1374 231 rectissime
1413 195 1575 232 coniecit
1613 199 1688 232 tra-

172 262 262 299 ditis
292 262 431 299 litteris
462 262 577 312 ‘saep'
608 263 744 309 inesse,
784 268 870 313 post
902 263 1159 314 parenthesin,
1203 276 1280 314 qua
1308 262 1409 300 uude
1441 264 1591 315 Polyxo
1622 277 1687 302 ve-

171 333 269 369 nerit
299 331 441 369 dictum
474 344 555 369 esse
586 331 648 369 vel
679 344 727 369 ex
757 331 886 370 verbis
917 334 1087 382 graviter
1119 334 1309 383 corruptis
1340 338 1512 382 apparet,
1551 335 1688 383 recipit

173 401 290 439 verba
333 400 541 439 derelicta:
582 409 668 439 tamo
697 406 806 440 etiam
835 409 930 439 rates
965 405 1105 439 Phoebo
1136 405 1264 439 dilecta
1297 405 1441 451 Polym.
1503 402 1688 453 ampliore

172 472 343 518 circuitu,
375 470 501 522 qualis
532 472 692 508 orationi
727 476 876 508 tantum
907 471 967 507 vel
1001 473 1125 519 magis
1158 472 1270 508 etiam
1318 473 1530 521 precationi
1574 476 1687 522 aptus

173 546 248 587 est,
295 540 504 578 Statius
537 542 655 578 utitur
685 542 724 577 in
756 539 959 578 Thebaide
992 540 1078 586 IX,
1113 543 1217 587 6123
1262 542 1326 577 ubi
1374 553 1496 578 sermo
1536 542 1591 578 ita
1623 540 1687 578 de-

170 611 346 659 flectitur,
390 616 432 648 ut
462 609 819 656 demonstrativum,
866 624 887 646 a
920 623 994 660 quo
1027 609 1207 660 apodosis
1238 611 1385 661 incipit,
1417 610 1563 648 scilicet
1593 614 1689 648 hunc

170 682 222 730 (v,
258 681 355 730 622)
386 682 547 731 recipiat
585 693 743 726 nomen,
788 678 891 730 quod
931 681 969 716 in
1009 681 1199 717 sententia
1244 685 1368 717 exstet
1411 682 1520 731 quasi
1563 679 1690 718 obiter

170 749 327 801 prodosi
367 750 526 788 adiecta.
589 749 764 800 prodosis
795 755 853 787 est
885 748 1151 796 advocatione,
1199 762 1297 800 quae
1337 756 1393 787 est
1424 754 1523 798 vio-90
1555 781 1562 789 .
1598 780 1606 789 .
1640 778 1648 787 .
1684 779 1692 788 .

171 827 332 859 catervae
364 821 413 870 (v.
450 818 691 868 608—611)
722 820 956 870 praemissa:

231 891 454 928 612-616
489 892 522 927 si
553 889 646 926 mihi
679 902 755 925 non
787 902 967 940 umquam
999 889 1114 927 thiasi
1147 888 1308 927 ludusve
1339 895 1542 940 protervae

488 961 611 996 noctis
642 965 680 996 et
709 960 834 996 inviso
866 960 1042 1009 (piamvis
1072 964 1256 996 temerata
1287 959 1403 996 cubili

486 1043 563 1067 uon
594 1035 721 1067 tamen
751 1034 818 1066 aut
848 1034 986 1066 teretes
1017 1029 1171 1079 thyrsos
1203 1035 1269 1066 aut
1299 1029 1433 1066 mollia
1463 1031 1561 1079 gessi

486 1113 613 1150 pensa,
645 1098 713 1137 sed
742 1100 783 1136 in
815 1100 960 1136 tetricis
992 1104 1028 1136 et
1060 1104 1146 1149 post
1176 1098 1341 1136 conubia
1372 1099 1505 1136 lustris

485 1171 541 1206 sic
572 1181 725 1220 quoque
756 1169 932 1206 venatrix
965 1170 1169 1220 animoque
1194 1166 1223 1221 ¹)
1262 1170 1421 1219 innupta
1452 1171 1630 1216 remansi,

168 1240 308 1279 deinde
354 1254 442 1288 non,
489 1252 586 1290 quae
625 1244 880 1290 exspectatur,
927 1238 1107 1289 apodosis
1133 1253 1290 1285 puerum
1325 1253 1440 1276 meam
1472 1243 1560 1278 mihi
1589 1253 1689 1278 serva

165 1312 346 1362 sequitur,
389 1308 456 1347 sed
496 1311 550 1347 sic
582 1311 707 1359 pergit
738 1322 834 1356 eum,
866 1322 934 1360 pro
968 1322 1041 1360 quo
1074 1314 1163 1346 vota
1197 1308 1301 1357 facit,
1347 1309 1451 1346 velut
1484 1310 1685 1362 παρενθε-

167 1386 287 1426 τικῶς
318 1381 528 1431 precationi
562 1391 653 1416 suae
683 1381 878 1416 inserens:

285 1450 363 1487 617
398 1462 451 1500 sq.
484 1461 554 1486 nec
585 1448 679 1485 mihi
711 1450 867 1486 secretis
899 1448 1052 1498 culpam
1084 1448 1277 1486 occultare
1308 1448 1378 1486 sub
1410 1450 1530 1485 antris

486 1532 586 1565 cura,
617 1517 685 1555 sed
717 1517 867 1555 ostendi
897 1518 1043 1568 prolem
1061 1515 1090 1570 2)
1123 1520 1310 1568 posuique
1341 1523 1564 1555 trementem

486 1593 575 1626 ante
604 1593 690 1625 tuos
721 1587 893 1625 confessa
924 1586 1062 1638 pedes,
1094 1600 1163 1625 nec
1194 1587 1361 1636 degener
1391 1587 1456 1625 ille

484 1659 682 1708 sanguinis
713 1660 830 1709 inque
860 1670 964 1695 meos
997 1659 1164 1708 reptavit
1196 1662 1372 1709 protinus
1404 1671 1513 1695 arcus

482 1727 575 1778 (tela
606 1741 700 1778 puer
729 1727 897 1765 lacrimis
929 1732 966 1764 et
997 1728 1120 1778 prima
1153 1740 1245 1765 voce
1276 1729 1467 1778 poposcit)
1485 1723 1525 1776 ³).

166 1797 226 1835 his
268 1799 385 1847 igitur
414 1803 620 1849 postquam
651 1811 758 1835 suam
789 1799 829 1834 in
860 1797 1028 1834 Dianam
1060 1799 1242 1847 pietatem
1272 1797 1461 1848 simulque
1497 1796 1568 1834 filii
1612 1798 1688 1834 vir-

166 1872 286 1905 tutem
317 1867 494 1915 ostendit,
537 1873 618 1905 tum
650 1867 827 1918 denique,
879 1866 972 1918 quid
1018 1872 1134 1917 petat,
1182 1865 1275 1903 deae
1319 1865 1413 1903 dicit
1458 1866 1518 1903 his
1560 1865 1688 1903 verbis

171 1936 360 1987 apodosin
390 1937 577 1975 incohans
608 1951 641 1976 v.
677 1939 780 1974 622:

468 2008 570 2045 hunc
591 2007 680 2044 mihi
706 2006 815 2058 (quid
830 2006 1005 2057 trepidae
1027 2011 1157 2043 noctes
1174 2019 1425 2057 somnumque
1447 2007 1640 2043 minantur
1652 2005 1686 2055 P)

468 2076 580 2123 hunc,
610 2089 753 2127 precor,
786 2075 925 2113 audaci
957 2077 1021 2126 qui
1054 2089 1155 2112 nunc
1187 2074 1236 2112 ad
1267 2075 1415 2126 proelia
1445 2080 1536 2112 voto

471 2146 546 2183 heu
577 2147 736 2183 nimium
768 2145 841 2183 sibi
872 2145 962 2182 fisus
994 2144 1085 2192 abit,
1117 2143 1166 2181 da
1198 2146 1320 2182 visere
1351 2144 1441 2182 belli

472 2217 651 2254 victorem
684 2216 756 2263 vel,
789 2217 820 2252 si
852 2215 981 2266 ampla
1012 2220 1110 2265 peto,
1143 2214 1192 2251 da
1223 2216 1345 2252 visere
1377 2219 1536 2252 tantum.

165 2299 242 2324 non
273 2284 443 2324 dubitari
475 2291 613 2338 potest,
655 2287 748 2337 quin
780 2286 927 2323 Statius
958 2285 1117 2323 consilio
1150 2284 1356 2322 artificium
1388 2297 1435 2322 ex
1467 2288 1575 2321 tanta
1605 2296 1683 2320 am-

261 2473 296 2517 1)
323 2473 514 2517 animoque
539 2473 577 2514 P,
605 2473 836 2515 animumque
864 2472 941 2505 ΒΜ.

260 2533 298 2576 2)
324 2545 352 2566 v.
381 2533 449 2566 618
471 2532 607 2575 prolem
634 2532 674 2574 P,
697 2543 850 2575 puerum
877 2531 988 2565 ceteri
1015 2530 1165 2565 codices.

257 2594 292 2631 3)
320 2592 377 2625 hic
404 2602 527 2625 versus
555 2602 576 2624 a
603 2591 830 2625 Kohlmanno
857 2591 957 2625 uncis
985 2590 1156 2631 inclusus,
1197 2600 1412 2633 quamquam
1450 2589 1552 2624 deest
1578 2591 1614 2624 in
1642 2591 1681 2632 P,

165 2650 243 2684 sine
269 2649 486 2684 detrimento
515 2650 714 2684 sentcntiae
742 2649 834 2684 domi
862 2650 996 2693 nequit,
1038 2661 1115 2683 cum
1158 2649 1243 2683 solis
1286 2649 1401 2683 verbis
1442 2650 1552 2693 inque
1590 2660 1683 2684 meos

160 2710 314 2753 reptavit
332 2711 504 2754 protinus
531 2721 637 2745 arcus
663 2710 801 2744 animus
830 2710 1022 2744 bellicosus
1049 2709 1240 2754 puerinon
1259 2709 1347 2743 satis
1368 2707 1522 2744 dilucide
1541 2708 1674 2747 descri-

162 2769 281 2805 batur.
