1923 3110
902 98 948 132 Ιῖι

168 214 309 251 lianam
349 218 473 250 minus
513 224 630 262 prope
676 210 821 249 accedit
862 224 977 261 quam
1020 211 1230 248 faciliorem
1264 212 1534 249 Lucretianam
1569 213 1680 249 modo

165 281 395 332 descriptam
424 281 532 319 velut
548 296 555 318 :

163 369 252 402 met.
283 363 356 406 XI,
391 365 469 400 559
657 362 723 398 alii
755 369 884 412 partes
915 368 952 398 et
983 360 1152 398 membra
1184 363 1337 398 carinae

540 437 673 468 trunca
702 436 841 467 tenent.

251 501 360 539 XIV.
395 503 470 537 541
534 512 730 537 nemorum
763 506 890 550 partes
923 505 960 536 et
990 498 1160 536 membra
1191 512 1369 536 meorum.

250 570 363 613 XIV,
396 571 476 606 403
538 569 604 605 illa
635 582 773 606 nocens
806 570 952 618 spargit
984 570 1090 605 virus
1121 581 1306 619 sucosque
1339 571 1485 614 veneni,

270 639 364 685 XII,
398 641 476 676 365>
540 640 644 689 pacis
676 640 889 689 pignusque
920 637 1119 689 fidemque.

259 707 355 750 XII,
380 710 503 753 14243
537 714 573 745 et
603 709 837 757 respiramen
868 709 1014 758 iterque
1045 709 1214 757 eripiunt
1245 709 1403 744 animae.

307 777 356 821 X,
388 779 469 814 4524
531 783 568 814 et
599 776 775 814 tenebrae
808 779 985 813 minuunt
1017 789 1167 827 noxque
1200 783 1281 812 atra
1314 775 1507 826 pudorem,

282 846 354 885 XI,
389 848 467 883 593
530 848 660 895 ignavi
692 845 828 883 domus
859 852 896 883 et
928 846 1139 897 penetralia
1171 847 1311 882 Somni.

274 916 347 961 ΙΙΙ,
383 920 460 953 ἴ)1ῑ)
531 916 707 953 tenebras
738 923 774 953 et
807 915 954 953 cladem
987 916 1081 952 lucis
1114 915 1315 966 ademptae

309 985 358 1033 II,
390 988 469 1023 452
531 998 627 1023 neve
660 999 788 1036 preces
820 988 967 1022 animos
999 992 1035 1023 et
1068 985 1185 1023 verba
1218 987 1411 1035 precantia
1442 985 1609 1023 flectant.

370 1056 495 1102 206s'7
530 1054 640 1092 modo
672 1068 738 1106 per
769 1055 916 1092 declive
948 1057 1106 1106 viasque
1140 1057 1368 1106 praecipites
1401 1086 1406 1092 .
1441 1086 1447 1092 .
1484 1087 1488 1092 .

326 1125 355 1169 I,
391 1126 470 1161 574
532 1124 626 1162 haec
649 1124 794 1171 domus,
816 1125 910 1162 haec
931 1124 1052 1170 sedes,
1087 1125 1180 1162 haec
1201 1132 1287 1162 sunt
1311 1125 1521 1175 penetralia
1551 1127 1683 1174 magni

537 1197 669 1231 amnis.

367 1264 491 1310 170s7
526 1262 575 1300 ad
605 1265 746 1313 magni.
769 1270 867 1301 tecta
899 1264 1089 1301 Tonantis
1121 1263 1363 1314 regalemque
1394 1263 1560 1301 domum.

283 1331 329 1369 Id
360 1346 479 1381 genus
510 1332 733 1383 Vergiliano
766 1334 847 1369 usui
882 1335 1057 1383 proxime
1089 1332 1256 1379 accedit,
1299 1346 1372 1384 quo
1419 1346 1477 1370 res
1508 1347 1584 1370 uua
1624 1347 1688 1372 no-

169 1403 274 1439 tione
304 1401 473 1438 indicata
505 1401 626 1439 altera
658 1404 831 1452 sequenti
865 1402 1104 1440 manifestius
1135 1404 1394 1453 exprimatur:

196 1489 283 1520 met.
315 1483 389 1530 XI,
420 1486 500 1521 634
534 1485 677 1521 excitat
709 1484 891 1522 artificem
926 1485 1265 1536 sinmlatoremque
1295 1485 1442 1531 figurae

530 1553 724 1604 Morphea.

266 1622 382 1668 XIII,
415 1624 494 1660 336
528 1636 643 1674 quam
675 1637 854 1674 responsa
885 1623 997 1661 deum
1029 1624 1277 1675 'I‘roianaque
1308 1624 1387 1661 tata
1421 1626 1553 1662 retexi.

423 1694 501 1729 57⁸
535 1706 625 1730 cura
657 1692 766 1730 deam
801 1695 954 1745 propior
987 1694 1187 1744 luctusque
1219 1693 1450 1731 domesticus
1482 1696 1590 1744 angit

536 1761 752 1799 Memnonis
784 1765 925 1810 amissi,
1337 1749 1341 1755 .

334 1830 387 1873 II,
421 1832 472 1868 78
533 1844 600 1882 per
631 1831 793 1869 insidias
824 1834 897 1870 iter
927 1838 984 1869 est
1015 1831 1234 1883 formasque
1265 1832 1441 1869 ferarum.

174 1910 215 1961 (i.
249 1923 280 1948 e.
313 1911 454 1949 formas
484 1912 650 1950 ferarum
682 1913 751 1951 tibi
784 1913 943 1951 insidias
974 1916 1206 1964 parantium)

268 1980 385 2027 XIII,
421 1983 501 2019 200
562 1982 819 2034 praedamque
855 1983 1121 2034 Helenamque
1152 1996 1318 2034 reposco.

175 2060 372 2112 (praedam
405 2063 426 2098 i.
460 2075 486 2100 e.
525 2063 745 2115 Helenam).

291 2130 437 2180 Figura
469 2131 646 2170 affectum
678 2132 848 2170 indicat:

287 2212 360 2255 XI,
395 2214 476 2250 427
539 2226 703 2266 aequora
733 2227 792 2252 me
824 2221 965 2252 terrent
997 2221 1034 2252 et
1066 2217 1173 2267 ponti
1206 2218 1326 2254 tristis
1359 2217 1496 2266 imago.

291 2293 337 2330 Id
371 2307 530 2345 quoque,
563 2302 603 2332 ut
635 2303 689 2333 est
723 2296 897 2346 Vergilio
929 2298 1123 2342 usitatum,
1156 2297 1204 2335 ab
1228 2296 1371 2336 Ovidio
1403 2310 1479 2334 non
1502 2297 1690 2345 abhorret,

174 2367 216 2398 ut
247 2362 368 2400 altera
397 2370 504 2414 parte
535 2367 588 2402 rei
620 2367 775 2403 notione
807 2368 935 2417 priore
966 2365 1159 2404 indicatae
1191 2367 1327 2404 clarior
1357 2367 1523 2417 fingatur
1562 2369 1688 2418 imago

174 2431 235 2468 vel
267 2433 356 2468 novi
389 2433 539 2484 aliquid
570 2433 818 2486 descriptioni
851 2435 1028 2482 addatur,

174 2505 261 2537 met.
293 2501 388 2547 XII,
420 2504 499 2540 348
919 2506 1068 2543 vultum
1100 2507 1393 2558 minitantiaque
1424 2519 1491 2544 ora

534 2573 668 2611 robore
699 2573 844 2612 nodoso
877 2575 1145 2627 praeduraque
1175 2581 1347 2626 tempora
1377 2575 1502 2625 fregit.

289 2638 380 2686 VH,
416 2641 466 2677 75
528 2655 622 2693 quas
652 2656 782 2681 nemus
812 2643 1031 2682 umbrosum
1062 2651 1282 2697 secretaque
1314 2645 1411 2682 silva
1442 2644 1606 2695 tegebat.

277 2708 385 2754 VIII,
424 2709 500 2747 155
534 2711 814 2764 multiplicique
845 2712 958 2751 domo
991 2715 1190 2766 caecisque
1220 2713 1417 2753 includere
1446 2716 1568 2752 tectis.

295 2777 332 2814 X
342 2779 386 2819 V,
422 2781 500 2816 396
534 2780 638 2818 ilicet
667 2783 706 2818 in
739 2783 854 2819 ramis
886 2783 1148 2835 tremulaeque
1180 2786 1377 2822 cacumine
1406 2783 1557 2834 palmae
