1923 3110
961 116 1009 150 16

226 228 402 263 notiones
448 226 630 264 audacter
676 228 908 264 coniunctas.
980 236 1015 263 et
1060 227 1230 277 profecto
1270 241 1344 265 non
1391 243 1512 279 pauca
1554 231 1625 268 huc
1670 238 1742 269 tra-

220 295 347 333 henda
377 303 476 343 sunt,
507 297 661 341 scilicet,
693 296 755 333 ubi
791 296 911 333 altera
942 298 1046 333 notio
1078 298 1301 346 epexegesis
1332 305 1387 335 est
1417 301 1578 349 prioris:

220 377 343 414 Theb.
362 378 390 423 I,
415 380 494 415 573
981 378 1084 423 felix,
1117 379 1146 414 si
1182 378 1296 416 Delia
1328 393 1536 430 numquam

510 447 609 484 furta
641 460 711 484 nee
743 447 932 484 occultum
953 447 1109 485 Phoebo
1142 450 1326 486 sociasset
1359 462 1536 495 amorem,

295 517 362 561 VI,
401 518 476 553 119
509 523 663 566 portant
694 515 853 553 inferias
885 530 1092 568 arsuraque
1125 518 1267 555 fercula
1298 520 1419 568 primi.

274 586 363 631 Vll,
398 588 477 623 3215
511 586 738 623 fulmineum
770 588 934 623 cinerem
968 601 1206 638 magnaeque
1238 590 1407 638 insignia
1438 603 1594 640 poenae,

510 653 653 704 gaudet
687 660 724 692 et
754 655 949 692 Aetnaeos
981 658 1018 692 in
1062 657 1207 694 caelum
1253 658 1382 695 efflare
1420 671 1592 709 vapores.

295 724 362 766 VI,
397 726 478 761 810
851 724 1036 762 terrificos
1067 727 1207 763 umeris
1239 727 1400 765 Aetolus
1433 730 1593 765 amictus

509 795 661 831 exuitur
692 795 935 844 patriumque
967 807 1082 840 suem,

328 864 397 908 VI,
432 866 482 900 54
517 864 692 901 tristibus
723 866 868 902 interea
900 866 1016 901 ramis
1048 871 1255 915 teneraque
1287 877 1466 915 cupresso

430 936 479 970 150
515 947 582 971 ceu
614 933 762 983 grande
794 936 987 984 exsequiis
1020 948 1112 971 onus
1144 941 1259 984 atque
1291 936 1474 972 immensa
1507 936 1679 974 ferantur

510 1004 679 1041 membra
714 1017 820 1054 rogo,

224 1073 291 1111 sed
321 1087 406 1111 raro
437 1074 490 1120 fit,
522 1080 562 1110 ut
596 1074 714 1111 altera
748 1087 837 1124 pars
868 1075 1076 1122 imag-inem
1108 1074 1339 1111 vivaciorem
1372 1074 1517 1112 reddat.
1579 1077 1661 1113 eius
1692 1078 1744 1114 rei

225 1144 402 1195 exempla
432 1145 664 1195 paucissima
695 1144 858 1181 conferri
890 1149 1050 1194 possunt
1081 1143 1197 1181 haec:

311 1226 362 1271 II,
398 1228 478 1263 508
511 1225 693 1276 reliquias
725 1226 901 1276 amplexa
932 1227 1055 1262 virum
1087 1238 1309 1276 semesaque
1340 1225 1453 1263 nudis

509 1295 729 1346 pectoribus
760 1297 865 1333 stetit
898 1309 984 1332 ossa
1015 1308 1200 1346 premens,

274 1366 364 1404 VII.
400 1367 480 1404 393
513 1368 737 1417 perspicuas
769 1368 822 1403 sic
855 1366 940 1403 luce
970 1365 1070 1403 fores
1100 1371 1136 1402 et
1168 1367 1304 1414 virgea
1335 1371 1466 1415 pastor

512 1435 675 1473 claustra
710 1435 823 1473 levat.

307 1505 359 1550 II,
395 1507 470 1542 541
507 1519 574 1556 per
605 1512 731 1543 tamen
766 1505 894 1544 Olenii
928 1507 1096 1555 tegimen
1127 1507 1206 1542 suis
1237 1505 1414 1556 hirtaque
1448 1507 1565 1543 saetis
1596 1511 1715 1555 terga,

221 1600 509 1638 nonnumquam
537 1590 651 1625 etiam
685 1587 942 1625 confitendum
974 1594 1031 1625 est
1063 1588 1288 1625 attributivo
1322 1587 1430 1626 alteri
1472 1590 1568 1639 parti
1613 1587 1746 1624 addito

226 1656 402 1694 affectum
434 1657 598 1709 aliquem
632 1657 797 1695 indicari
831 1658 935 1695 velut

309 1739 379 1785 IV,
415 1741 494 1776 194
1130 1740 1341 1791 spoliisque
1373 1741 1542 1791 potentis

511 1811 684 1847 imminet
717 1811 863 1860 Argiae
894 1825 912 1847 r
928 1824 949 1847 a
967 1824 991 1861 p
1007 1816 1021 1847 t
1039 1824 1059 1847 o
1076 1824 1100 1860 q
1116 1824 1140 1846 u
1159 1823 1178 1847 e
1211 1809 1396 1866 excellere
1429 1809 1542 1847 cultu.

252 1879 362 1926 VllI,
401 1882 477 1916 186
512 1886 552 1916 tu
567 1880 711 1930 Tyrias
733 1882 834 1917 acies
865 1894 887 1917 a
901 1879 924 1917 (1
942 1894 965 1917 v
980 1893 1000 1917 e
1017 1894 1034 1917 r
1049 1894 1064 1917 s
1081 1893 1101 1916 a
1115 1894 1136 1931 q
1154 1894 1177 1917 u
1194 1893 1213 1917 e
1245 1883 1357 1930 signa
1390 1882 1534 1917 vacasti
1569 1885 1746 1928 sternere,

293 1949 365 1989 IX,
402 1951 481 1987 ⁴³72
515 1950 696 2000 Hypseos
726 1950 816 1987 hinc
850 1957 995 1987 turmae
1027 1949 1049 1986 d
1063 1963 1082 1988 e
1094 1964 1111 1987 s
1125 1963 1146 1986 o
1162 1950 1172 1986 l
1187 1956 1231 1986 at
1246 1963 1317 1987 11111
1330 1963 1353 2000 q
1366 1964 1389 1987 11
1405 1963 1424 1987 e
1455 1964 1491 1986 m
1508 1963 1529 1986 a
1541 1963 1567 1999 g
1582 1951 1590 1986 i
1605 1956 1709 1987 stro

511 2033 657 2069 agmen,

221 2088 447 2139 plerumque
470 2092 758 2127 exornationem
792 2090 851 2127 vel
884 2092 1137 2127 variationem
1160 2091 1298 2141 prioris
1327 2089 1437 2126 alteri
1462 2091 1585 2127 inesse
1618 2088 1746 2127 dicas:

332 2171 361 2216 I,
398 2173 479 2208 520
513 2178 571 2208 ast
604 2172 666 2208 alii
701 2171 878 2209 tenebras
911 2178 947 2209 et
980 2185 1138 2223 opacam
1170 2174 1323 2209 vincere
1355 2178 1503 2208 noctem

267 2240 361 2285 XII,
397 2243 473 2278 661
510 2248 660 2278 noctem
694 2241 789 2279 adeo
823 2249 857 2279 et
891 2242 1065 2293 placidas
1098 2243 1199 2292 operi
1234 2243 1392 2278 iunxere
1424 2240 1609 2287 tenebras,

320 2310 393 2355 XI,
427 2312 477 2347 86
512 2313 699 2358 sanguine
730 2310 925 2348 foedatum
958 2313 1075 2348 rictus
1107 2317 1265 2361 atroque
1296 2309 1513 2347 madentem

512 2393 576 2417 ora
608 2379 744 2417 (lucem
777 2379 867 2417 tabo

291 2448 363 2495 III,
399 2451 477 2486 645
513 2450 678 2487 Aoniam
711 2456 746 2487 et
780 2449 852 2486 diri
887 2457 1057 2487 saturare
1090 2449 1244 2486 novalia
1277 2448 1411 2486 Cadmi

322 2515 393 2563 VI,
429 2521 480 2556 80
514 2521 657 2556 truncis
688 2532 961 2570 nemorumque
991 2521 1102 2556 ruina

312 2587 419 2632 VlII,
456 2590 476 2615 9
512 2588 756 2640 letiferasque
787 2588 919 2625 domos
952 2591 1129 2639 regisque
1162 2601 1300 2625 arcana
1333 2588 1471 2638 sepulti

416 2688 422 2703 ,
458 2659 477 2693 7
514 2658 721 2709 funeraque
753 2658 845 2695 orba
878 2661 982 2708 rogis
1014 2658 1263 2710 neglectaque
1296 2658 1465 2695 membra
1497 2658 1730 2710 relinquunt.

221 2737 470 2788 expolitionis
502 2753 615 2777 causa
648 2742 761 2777 etiam
795 2743 923 2791 potius
957 2754 1069 2792 quam
1102 2740 1370 2777 illustrationis
1415 2741 1601 2785 notiones,
1645 2750 1744 2789 quae

219 2807 338 2845 fatum
371 2808 603 2857 significant,
636 2811 765 2846 variae
795 2812 833 2846 in
867 2823 982 2847 unum
1016 2812 1243 2848 coniunctae
1275 2816 1384 2847 sunt:
