1923 3110
930 125 951 155 8

182 239 300 287 gesna,
341 242 383 275 ut
417 236 547 276 dicunt
580 239 844 287 grammatici,
888 239 1025 289 prioris
1070 245 1126 277 est
1166 245 1232 277 aut
1262 242 1549 279 exornationem
1581 239 1699 287 addit,

179 320 255 357 qua
284 308 412 357 imago
447 308 507 345 vel
540 307 696 345 auribus
726 307 788 344 vel
820 307 940 345 oculis
970 308 1145 358 fingatur.
1206 311 1264 346 sin
1297 315 1355 347 est
1386 323 1489 348 mera
1520 312 1695 357 variatiO,

178 378 325 414 ratione
355 379 509 414 minime
541 383 647 427 eget,
692 377 818 423 velut,
862 390 945 414 cum
991 377 1038 414 de
1079 377 1192 415 rebus
1232 380 1318 416 visu
1360 378 1600 417 mirabilibus
1641 379 1696 417 lo·

181 447 320 496 quitur,
351 454 465 497 poeta
497 446 641 498 duplici
676 446 789 484 modo
821 460 899 484 rem
930 446 1084 485 indicat.
1146 449 1201 485 sic

292 528 387 566 Aen.
416 528 490 575 VI,
525 530 574 566 25
646 530 883 580 mixtumque
913 541 1033 579 genus
1064 530 1271 581 prolesque
1302 529 1488 577 biformis,

181 623 277 661 quae
308 610 425 649 verba
457 614 487 649 si
519 614 856 663 interpretaremur
896 614 1070 650 ‘mixtum
1110 626 1230 662 genus
1262 613 1380 664 prolis
1423 613 1606 651 biformis'
1649 626 1697 651 ne

180 679 301 718 hilum
344 681 496 732 quidem
536 682 814 732 proficeremus⁷
857 689 894 719 et
926 682 992 729 VI,
1028 684 1077 719 :27
1111 687 1167 721 hic
1196 686 1297 721 labor
1326 687 1381 721 ille
1412 686 1539 722 domus
1569 691 1600 721 et
1641 687 1698 721 in-

181 753 399 788 eoetricabilis
430 764 540 789 error.

291 820 396 870 Ergo
428 822 524 858 ratio
564 820 781 872 quaerenda
821 828 887 868 est.
935 835 1033 873 quae
1070 824 1170 860 inter
1210 821 1306 860 duas
1349 835 1463 860 voces
1495 822 1694 874 copulatas

179 888 404 929 intercedat.
476 904 520 928 ac
561 892 727 942 primum
773 891 924 942 quidem
972 894 1195 943 saepissime
1238 892 1359 930 altera
1404 906 1493 943 pars
1534 887 1732 944 priorem⁴

177 960 236 997 vel
270 960 439 1010 explicat
471 961 532 998 vel
565 960 699 998 definit
729 961 790 998 vel
822 962 999 1012 complet,
1042 961 1144 1013 quod
1186 962 1334 999 scholia
1376 964 1609 1013 epexegesin
1640 962 1695 1000 di-

173 1042 256 1067 cere
299 1030 441 1076 solent,
493 1030 599 1068 velut
648 1029 697 1067 ad
742 1030 926 1068 Aeneidis
957 1032 996 1078 Ι,
1037 1033 1085 1068 27
1144 1032 1339 1082 (iuclae'cium
1392 1036 1544 1071 Paridis
1595 1047 1692 1080 spre-

171 1107 299 1148 taeque
330 1105 471 1138 iniuria
497 1101 652 1151 formae)
684 1100 840 1138 Servius
872 1100 1051 1139 adnotat:
1094 1106 1295 1150 epexeyesis
1327 1109 1386 1149 est,
1417 1106 1480 1140 hoe
1501 1107 1597 1140 enim
1615 1107 1691 1150 fuit

174 1172 350 1208 indicium
383 1173 562 1208 Paridis:
604 1177 644 1207 ut
692 1171 780 1218 ‘qtae'
806 1175 994 1217 panicula
1033 1178 1137 1209 vacet.
1200 1171 1393 1223 plerisque
1439 1172 1534 1209 locis
1575 1174 1690 1210 etiam

174 1239 295 1277 altera
315 1253 404 1290 pars
425 1241 508 1277 sine
531 1239 759 1278 detrimento
792 1242 1005 1279 sententiae
1036 1241 1098 1279 vel
1131 1241 1400 1280 obscuratione
1422 1241 1522 1279 demi
1546 1244 1691 1294 nequit.

176 1322 275 1360 quae
305 1310 379 1347 huc
411 1309 609 1348 referenda
640 1315 736 1356 sunt,
786 1323 829 1348 eo
863 1311 945 1348 solo
978 1310 1111 1349 ordine
1145 1312 1343 1362 proferam.
1384 1318 1425 1348 ut
1456 1312 1598 1349 similia
1628 1311 1693 1350 ubi

174 1380 434 1426 inveniuntur,
465 1393 541 1417 una
575 1380 779 1418 collocem:

287 1461 383 1500 Aen.
417 1462 446 1509 Ι,
482 1464 558 1499 111
830 1463 870 1499 in
900 1461 1034 1500 brevia
1064 1468 1102 1500 et
1133 1461 1265 1513 Syrtes
1296 1468 1417 1512 urget.

175 1541 349 1593 (Servius
382 1548 402 1582 ι’.
437 1558 464 1581 e.
496 1548 538 1582 in
569 1548 690 1582 brevia
719 1542 895 1596 syrtium)

295 1625 347 1672 II,
380 1622 484 1680 6222
573 1631 760 1677 apparent
791 1625 895 1664 dirae
927 1625 1045 1663 facies
1077 1627 1309 1677 inimicaque
1340 1627 1483 1665 Troiae

562 1697 717 1734 numina
747 1709 889 1746 magna
921 1695 1041 1733 deum.

291 1765 380 1812 VII,
415 1767 494 1802 657
1030 1765 1232 1816 clipeoque
1262 1766 1415 1814 insigne
1446 1770 1645 1815 paternum

452 1840 602 1872 centum
635 1836 773 1884 anguis
805 1836 1044 1885 cinctamque
1075 1836 1175 1884 gerit
1204 1829 1445 1885 serpentibus
1477 1834 1652 1885 hydram.

174 1914 276 1965 quod
305 1915 403 1952 nihil
434 1915 540 1954 aliud.
571 1922 627 1954 est
658 1918 733 1954 nisi
763 1920 919 1966 hydram
950 1923 1090 1954 centum
1122 1915 1312 1965 anguibus
1343 1918 1517 1953 cinctam.

286 1998 380 2051 VH,
414 2001 465 2037 94
528 2006 642 2051 atque
674 2001 808 2038 harum
840 2000 993 2039 effultus
1024 2007 1131 2050 tergo
1162 2002 1367 2052 stratisque
1396 2000 1547 2039 iacebat

514 2069 728 2108 velleribus.

254 2137 368 2186 VIII,
406 2141 481 2176 177
516 2143 840 2191 praecipuumque
872 2145 953 2177 toro
987 2146 1021 2177 et
1054 2139 1179 2176 villosi
1212 2139 1312 2191 pelle
1342 2139 1465 2177 leonis

514 2211 654 2260 accipit
685 2209 852 2247 Aenean.

294 2280 366 2327 IX,
402 2282 480 2319 306
514 2281 653 2332 pellem
686 2282 952 2333 horrentisque
983 2282 1105 2319 leonis
1137 2283 1306 2328 exuvias,

283 2350 373 2397 VII,
401 2351 478 2388 751
514 2351 649 2389 fronde
680 2364 793 2402 super
823 2351 972 2401 galeam
1005 2357 1041 2389 et
1072 2351 1172 2388 felici
1206 2355 1379 2401 comptus
1410 2350 1523 2396 oliva,

257 2419 368 2466 VIII,
403 2422 482 2458 288
1212 2427 1252 2458 ut
1285 2422 1407 2471 prima
1440 2432 1631 2458 novercae

509 2495 675 2528 monstra
707 2504 822 2528 manu
853 2492 1102 2541 geminosque
1132 2502 1307 2541 premens
1338 2489 1480 2527 eliserit
1511 2491 1656 2539 anguis.

288 2558 360 2605 IX,
395 2560 473 2596 569
791 2573 884 2597 saxo
917 2565 1031 2610 atque
1063 2560 1209 2609 ingenti
1240 2558 1428 2608 fragmine
1459 2559 1598 2596 montis
1616 2555 1656 2605 ¹),

317 2627 363 2673 V,
397 2630 476 2666 399
512 2628 613 2665 haud
646 2629 824 2680 equidem
856 2632 977 2680 pretio
1010 2628 1189 2666 inductus
1222 2628 1457 2679 pulchroque
1480 2630 1654 2675 iuvenco,

262 2781 295 2820 l)
323 2776 367 2812 cf.
397 2778 439 2820 X,
467 2780 534 2811 69&
562 2778 675 2811 simile
703 2782 843 2812 tantum
872 2778 951 2821 XII,
976 2782 1039 2813 531
1067 2779 1299 2822 praecipitem
1326 2777 1472 2820 scopulo
1498 2780 1604 2820 atque
1631 2776 1684 2810 in-

171 2837 286 2883 ymnis
312 2837 452 2872 turbine
478 2838 571 2880 sam,
601 2848 680 2871 uam
710 2838 813 2872 turbo
843 2841 1034 2874 motionem
1063 2837 1251 2882 significat.
