1923 3110
891 90 936 131 '11‘

160 210 320 248 beckius
351 209 445 247 dicit
477 222 516 246 se
547 208 700 254 offe-ndi,
744 207 847 259 quod
878 208 1034 245 minime
1065 207 1139 244 dici
1175 209 1306 257 possit,
1345 202 1445 258 'quid
1477 207 1549 244 sibi
1581 208 1676 245 velit

159 284 295 327 primm
353 281 485 330 itaque
536 280 575 316 in
620 277 828 315 editionem
875 278 1019 327 recepit
1072 279 1331 314 coniecturam
1377 290 1483 313 suam
1535 280 1676 314 Priami

158 353 306 396 clipeos,
355 362 467 400 quam
517 350 630 385 unius
677 346 821 385 codicis
864 347 896 383 l'
939 348 1126 397 scriptura
1172 346 1261 383 PRI
1303 377 1307 382 .
1343 377 1350 384 .
1384 377 1390 382 .
1425 346 1485 383 Ml
1536 346 1676 382 firmari

159 424 280 469 putat,
313 424 351 456 et
381 419 495 455 nimis
526 423 659 467 argute
690 418 982 468 interpretatur:
1026 421 1237 465 agnoscunt
1268 417 1427 452 mentita
1459 428 1575 454 arma.
1607 415 1675 452 cli-

162 501 256 539 peos
288 493 325 526 et
355 488 432 526 tela
462 501 538 525 non
570 486 805 525 Graecorum
838 485 904 523 sed
938 486 1082 523 Priami
1114 485 1447 535 Troianorumque
1485 497 1576 521 esse.
1638 490 1677 521 at

159 563 271 605 primi
302 557 394 610 quid
426 557 499 595 sibi
530 557 635 597 velit,
678 569 725 594 ex
757 559 822 600 eis,
861 569 959 607 quae
991 555 1232 594 antecedunt.
1273 555 1385 593 facile
1430 554 1675 603 intellegitur.

161 641 327 679 namque
358 640 469 666 versu
501 629 583 664 420
615 627 798 677 legimus:

384 697 444 734 illi
476 699 604 738 etiam,
636 698 665 733 si
699 710 794 747 quos
827 695 986 733 obseura
1019 701 1129 733 nocte
1162 708 1228 745 per
1259 693 1433 731 umbram

389 766 560 804 fudimus
591 765 744 803 insidiis
774 772 931 817 totaque
963 767 1194 815 agitavimus
1225 763 1329 810 urhe,

388 842 600 887 apparent3
634 837 744 887 primi
780 865 990 873 ......

158 919 294 958 nempe
325 908 372 949 ei,
417 919 511 957 quos
542 905 656 943 modo
688 904 821 942 fraude
854 919 921 942 sua
952 912 987 942 et
1021 904 1187 943 tenebris
1220 905 1307 940 teeti
1341 904 1399 951 (cf.
1434 904 1675 950 :wo—401)

157 976 414 1022 sectabantur,
459 989 559 1013 nunc
592 977 701 1026 primi
736 988 800 1012 eos
831 982 1055 1024 agnoscunt.
1100 974 1246 1011 scilicet
1286 975 1356 1023 ipsi
1397 973 1543 1023 experti
1591 971 1675 1009 illos

155 1060 231 1083 non
263 1045 508 1090 Graecorum,
540 1045 604 1083 sed
626 1045 882 1083 Troianorum
914 1052 1041 1096 partes
1074 1042 1290 1082 defendere.
1352 1055 1391 1079 re
1424 1054 1513 1079 vera
1545 1048 1670 1079 autem

158 1118 384 1166 interpretes
429 1129 505 1153 non
553 1122 629 1152 tam
671 1117 710 1152 in
752 1115 870 1152 verbo
903 1120 1018 1162 primi
1050 1113 1229 1151 videntur
1260 1112 1454 1150 laborasse
1487 1125 1599 1163 quain
1632 1126 1675 1149 ee

159 1185 260 1237 quod
295 1184 340 1222 ad
376 1185 518 1236 clipeos
550 1184 783 1222 adiectivum
816 1183 1009 1236 quoddam
1040 1184 1100 1221 vel
1131 1184 1348 1233 genetivum
1383 1180 1678 1229 desiderabant3

159 1258 291 1306 itaque
338 1254 386 1293 de
427 1267 521 1292 voce
565 1258 690 1302 clipeos
738 1253 969 1306 explicanda
1013 1266 1144 1291 omnes
1175 1258 1310 1290 tacent.
1373 1265 1470 1288 unus
1509 1251 1678 1288 Henrius

159 1326 258 1363 Aen.
292 1326 311 1362 I
344 1339 377 1375 p.
413 1327 493 1362 :212
527 1330 627 1362 reete
659 1326 950 1375 interpretatur:
995 1328 1158 1360 mentitos
1197 1326 1322 1369 clipeos
1353 1329 1384 1359 et
1418 1326 1565 1358 mentita
1597 1325 1673 1358 tela.

157 1397 213 1432 sic
253 1400 379 1431 autem
421 1395 497 1431 iam
547 1396 817 1443 grammaticos
864 1395 1044 1444 antiquos
1087 1393 1299 1444 explicasse
1346 1392 1588 1441 cognoscitur
1629 1404 1675 1428 ex

159 1464 316 1501 scholiis
347 1463 561 1511 Servianis,
608 1463 746 1514 quibus
791 1463 863 1500 hoc
904 1465 1120 1501 invenimus
1167 1462 1411 1499 adnotatum:
1458 1465 1676 1508 mentitaque

156 1537 249 1572 tela.-
299 1537 402 1572 verbo
433 1537 641 1571 communi:
687 1537 750 1570 hoc
789 1541 837 1570 est
870 1544 974 1581 ‘qnae
1008 1548 1068 1570 nos
1099 1535 1255 1570 Graecos
1287 1546 1355 1569 esse
1389 1533 1676 1569 nwntiebmztecr'.

156 1616 242 1641 nam
289 1602 391 1655 quod
431 1602 526 1640 dicit
568 1607 669 1641 verbo
714 1608 893 1641 communi
934 1602 981 1640 ad
1020 1603 1116 1640 nihil
1157 1603 1287 1640 referri
1335 1607 1459 1652 potest
1504 1602 1576 1637 nisi
1625 1599 1674 1637 ad

156 1677 330 1720 mentum
379 1679 414 1711 et
461 1673 636 1710 scholion
677 1672 829 1711 videtur
859 1686 941 1711 esse
976 1674 1285 1718 vetustissimum,
1330 1670 1433 1722 quod
1465 1672 1529 1721 qui
1562 1669 1674 1711 nobis

157 1742 328 1790 tradidit,
361 1755 408 1780 ne
439 1745 520 1793 ipse
554 1742 706 1794 quidem
738 1742 890 1780 videtur
922 1743 1168 1789 intellexisse,
1202 1741 1293 1792 quid
1325 1740 1396 1778 sibi
1430 1740 1553 1777 vellet.
1608 1739 1674 1777 sed

157 1815 274 1851 etiam
319 1812 462 1850 novelli
496 1812 658 1862 Vergilii
704 1814 928 1863 interpretes
978 1812 1023 1849 (le
1070 1812 1128 1849 liis
1180 1811 1376 1849 Serviauis
1423 1824 1469 1847 ne
1518 1809 1672 1847 verbum

161 1881 314 1934 quidem
345 1882 500 1919 faciunt.

273 1951 369 1989 Cum
416 1950 455 1988 id
506 1963 626 1998 ,crenus
675 1951 818 1999 figurae
870 1953 1094 2001 compositio
1147 1950 1358 1997 verborum,
1411 1949 1674 1999 Vergilianum

158 2034 271 2072 quam
312 2033 390 2058 esse
432 2022 556 2071 capite
598 2022 718 2071 primo
759 2019 966 2067 docuimus,
1013 2033 1139 2058 secum
1180 2020 1318 2066 trahat,
1365 2018 1672 2070 exspectabimus

155 2090 247 2142 fore,
298 2096 338 2128 ut
384 2089 482 2141 apud
524 2090 620 2127 alios
665 2090 784 2127 multo
827 2091 948 2127 rarius
980 2087 1257 2139 iuveniatur¹).
1319 2102 1442 2140 neque
1473 2112 1527 2116 —
1568 2087 1671 2140 quod

156 2160 289 2197 eadem
328 2161 471 2197 ratione
522 2159 654 2196 habita
695 2159 880 2209 probatur
915 2183 964 2187 m»
998 2160 1068 2197 hoe
1114 2173 1235 2209 genus
1277 2158 1427 2196 dicendi
1462 2161 1543 2209 ipsc
1575 2158 1671 2195 Ver-

154 2230 270 2279 gilius
301 2231 340 2266 in
373 2229 632 2278 Georgicis
665 2235 741 2266 tam
773 2242 885 2280 saepe.
912 2229 1097 2267 adhibuit.
1159 2242 1206 2267 ex
1228 2228 1430 2278 Georgicis
1452 2227 1671 2265 adscribere

154 2312 307 2350 possum
338 2299 407 2346 IV,
441 2301 520 2336 481

385 2370 473 2419 quin
505 2370 611 2418 ipsae
642 2375 819 2419 stupuere
850 2368 984 2406 doinus
1015 2376 1129 2420 atque
1160 2370 1295 2406 intima
1327 2367 1418 2405 leti

385 2438 562 2476 Tartara.

250 2618 286 2661 1)
313 2627 391 2651 eum
418 2627 520 2651 usum
558 2628 602 2651 ne
645 2628 665 2651 a
704 2627 867 2652 sermone
905 2617 1065 2661 pedestri
1098 2619 1241 2661 quidem
1267 2618 1373 2662 plane
1401 2618 1597 2653 abhorrere
1623 2629 1666 2652 ex

154 2677 209 2710 his
237 2676 346 2709 multo
369 2686 455 2709 sane
482 2675 761 2719 simplicioribus
789 2676 906 2711 verbis
934 2676 1115 2711 Ciceronis
1143 2688 1163 2711 a
1184 2678 1303 2711 Leone
1330 2688 1363 2721 p.
1382 2679 1418 2711 ll
1450 2677 1668 2721 comparatis

154 2734 271 2769 diseas
299 2734 357 2779 (de
384 2734 450 2777 leg.
471 2744 545 2778 agr.
561 2734 605 2776 II,
625 2736 686 2774 95)
713 2745 756 2768 esc
781 2735 848 2769 hac
873 2735 977 2778 copia
1003 2739 1108 2779 alque
1135 2736 1290 2770 onmium
1320 2747 1433 2770 rerum
1463 2735 1665 2782 affluentia.

154 2793 225 2828 alia
251 2793 410 2828 invenies
438 2792 534 2840 apud
562 2793 718 2828 Leonem
744 2793 765 2826 l.
794 2793 814 2826 l.
843 2805 875 2838 p.
897 2795 927 2828 9.
