1923 3110
331 247 362 293 1,
395 246 475 283 35ss
1081 249 1294 293 stagnoque
1325 243 1450 280 refusa
1481 248 1538 280 est

506 314 677 352 funditus
708 320 745 352 et
775 316 894 352 veteri
923 312 928 367 Ι
955 314 1149 365 spumavit
1180 313 1349 350 Lerna
1379 325 1537 350 veneno.

293 386 361 429 VI,
395 386 469 422 571
509 390 550 422 ut
580 386 655 422 ruit
687 390 803 436 atque
834 397 997 435 aequum
1026 382 1030 435 Ι
1058 382 1235 420 submisit
1266 381 1450 429 regula
1488 381 1617 428 limen,

287 455 358 502 XI,
393 458 472 492 42⁴5
507 454 553 492 ad
588 455 693 492 volat
724 460 761 492 et
792 453 938 492 medias
966 453 971 506 Ι
999 455 1159 490 inmittit
1190 451 1442 489 Adrastus
1473 450 1653 489 habenas.

219 538 314 575 alter
344 550 476 575 versus
508 552 530 574 a
561 537 730 575 subiecto
763 537 950 574 communi
986 536 1121 585 incipit

274 619 395 657 Theb.
430 619 481 666 II,
517 622 596 657 590
808 617 1037 668 impeditant
1067 630 1221 654 numero
1254 629 1368 667 seque
1398 617 1483 666 ipsa
1514 616 1681 653 vicissim

503 703 526 726 a
536 703 601 726 rm
617 704 639 725 a
670 693 856 739 premunt.

219 770 370 808 duobus
402 771 498 808 locis
530 770 742 808 subiectum
775 769 910 820 pedem
941 769 1117 806 ultimum
1148 767 1298 819 explet:

309 853 383 900 ΙΙΙ,
421 856 497 889 104
995 864 1070 887 11011
1102 856 1140 888 te
1170 850 1351 887 caelestia
1381 849 1523 887 frustra

538 922 690 960 edocuit
721 922 904 972 lauroque
929 934 996 958 suo
1029 920 1209 969 dignatus
1240 920 1428 971 Apollo
1460 926 1526 957 est.

331 993 382 1039 X,
418 994 495 1030 37⁴5
531 994 679 1042 accepit
709 990 838 1028 radios
869 997 907 1029 et
938 989 1072 1028 cadem
1103 991 1270 1041 percitus
1301 989 1545 1040 Hopleus

531 1061 672 1113 Tydea
702 1061 787 1099 luce
818 1060 933 1099 videt.

331 1133 417 1169 Hac
449 1135 567 1182 igitur
596 1132 717 1170 forma
749 1132 910 1169 subiecti
951 1128 1029 1170 ἀπὸ
1072 1135 1206 1170 κοινοῖ)
1246 1130 1360 1180 positi
1402 1143 1487 1166 cum
1520 1130 1734 1179 Vergilium

215 1202 423 1240 viderimus
454 1204 607 1253 parcius
640 1208 755 1253 atque
787 1203 936 1239 cautius
967 1215 1081 1252 quam
1114 1206 1261 1237 ceteros
1303 1212 1384 1237 csse
1429 1213 1562 1245 usum,
1612 1199 1733 1238 multo

215 1272 444 1324 locupletior
490 1279 545 1311 est
592 1273 707 1320 locis,
751 1271 889 1323 quibus
936 1271 1105 1308 subiecto
1150 1271 1340 1307 communi
1385 1272 1424 1306 in
1466 1269 1587 1307 altera
1626 1276 1734 1321 parte

213 1345 340 1394 posito
372 1356 577 1393 pronomen
611 1341 765 1393 aliquod
800 1341 860 1379 vel
893 1341 1160 1378 attributivnm
1195 1353 1280 1377 cum
1320 1352 1363 1377 eo
1404 1341 1651 1377 coniunctum
1693 1342 1734 1377 in

214 1415 340 1464 priore
371 1418 479 1463 parte
512 1414 790 1463 praemittatur,
823 1425 897 1463 quo
929 1411 973 1448 fit
1002 1417 1045 1448 ut
1076 1410 1300 1457 subiectum7
1332 1409 1398 1447 ubi
1428 1409 1502 1447 1100
1524 1422 1734 1461 pronomen

216 1482 499 1529 audiverimus,
546 1488 790 1533 exspectetur
832 1487 867 1519 et
894 1494 1101 1532 pronomen
1135 1482 1383 1531 praemissum
1415 1481 1525 1531 quasi
1557 1479 1734 1531 pendeat,

216 1552 305 1590 dum
338 1554 420 1603 ipso
452 1552 623 1590 subiecto
655 1554 880 1603 excipiatur.
943 1556 1058 1603 atque
1098 1564 1183 1588 cum
1223 1551 1446 1601 saepissime
1491 1551 1734 1588 inveniamus

215 1635 348 1661 vocem
380 1624 419 1660 in
450 1624 561 1659 initio
593 1624 803 1660 sententiae
835 1623 997 1672 positam
1032 1622 1220 1658 artissime
1252 1622 1493 1657 coniunctam
1525 1632 1607 1658 esse
1649 1634 1732 1658 cum

216 1693 374 1739 ultima⁷
419 1694 576 1730 minime
617 1692 798 1730 debemus
844 1693 975 1729 mirari
1017 1690 1119 1742 quod
1152 1703 1264 1741 saepe
1295 1703 1503 1741 pronomen
1535 1690 1596 1728 vel
1629 1692 1734 1728 attri-

216 1763 413 1805 butivum,
461 1776 483 1799 a
515 1776 590 1813 quo
622 1764 809 1800 sententia
841 1763 1012 1812 incipiat,
1044 1775 1065 1798 a
1097 1761 1268 1798 subiecto
1301 1762 1338 1797 in
1371 1760 1444 1797 fine
1475 1761 1600 1811 posito
1632 1762 1734 1798 exci-

218 1834 322 1883 pitur
352 1846 426 1869 non
458 1846 533 1869 uno
566 1831 632 1869 sed
665 1832 813 1869 duobus
845 1831 974 1869 verbis
1005 1832 1243 1872 intermissis,
1275 1836 1317 1867 ut
1349 1830 1419 1867 hoc
1449 1830 1559 1869 loco:

273 1902 369 1938 Aen.
394 1902 439 1948 V,
476 1904 523 1939 19
558 1904 740 1938 mutati
771 1902 775 1951 Ι
804 1906 1022 1938 transversa
1053 1899 1220 1937 fremunt
1251 1905 1288 1936 et
1319 1911 1480 1949 vespero
1511 1899 1559 1936 ab
1591 1904 1674 1937 atro

559 1977 793 2021 consurgunt
823 1969 826 2021 Ι
856 1984 949 2008 ven
967 1972 1017 2008 ti.

217 2042 281 2079 ubi
313 2048 463 2093 praeter
495 2055 537 2078 ea
573 2055 668 2092 quae
700 2040 781 2078 dixi
815 2043 980 2078 caesuris
1024 2040 1211 2080 efficitur,
1259 2046 1300 2076 ut
1339 2039 1438 2076 duae
1484 2040 1572 2076 illae
1619 2052 1733 2078 voces

218 2124 315 2163 quae
361 2111 571 2149 subiectum
613 2113 808 2149 continent
853 2112 991 2161 integri
1042 2123 1173 2148 versus
1224 2108 1460 2160 temporibus
1510 2111 1734 2148 intermissis

217 2184 398 2219 continuo
431 2181 564 2218 ordin(¹
597 2183 694 2219 inter
726 2194 766 2218 se
797 2183 1082 2231 coniungantur
1112 2179 1226 2231 idque
1267 2193 1377 2216 cursu
1418 2192 1595 2217 versuum
1634 2179 1733 2217 indi-

216 2258 333 2290 cetur.
395 2252 514 2288 altero
545 2252 630 2288 loco
663 2251 809 2288 accedit
841 2253 954 2288 etiam
988 2256 1203 2287 structurae
1234 2251 1430 2300 responsio
1463 2251 1675 2286 artissima:

328 2322 380 2367 ll,
416 2324 466 2357 522»
500 2323 698 2358 insonuere
731 2334 892 2357 cavae
921 2321 925 2371 Ι
952 2322 1213 2371 gemitumque
1246 2319 1384 2357 dedere
1417 2331 1685 2357 cavernae.

212 2392 272 2429 vel
305 2393 419 2429 etiam
452 2390 499 2428 ad
533 2391 755 2437 subiectum,
794 2393 853 2428 cui
888 2393 925 2427 in
959 2396 1065 2441 parte
1099 2392 1221 2440 priore
1254 2403 1327 2426 vox
1361 2388 1491 2439 aliqua
1524 2391 1731 2439 praemissa

214 2468 281 2506 est,
314 2460 433 2498 altera
465 2475 540 2497 vox
575 2460 765 2498 adiectivu
797 2463 834 2497 in
868 2463 1075 2511 posteriore
1106 2467 1214 2511 parte
1246 2458 1413 2497 accedit:

267 2544 396 2581 georg.
421 2530 493 2574 HI,
520 2532 597 2567 235
633 2532 745 2580 ipse
782 2532 851 2566 ruit
886 2529 1095 2581 dentesque
1128 2529 1426 2567 Sabellicus
1459 2531 1612 2567 exacuit
1642 2543 1731 2570 suS.

215 2603 255 2638 in
289 2599 461 2637 Aeneide
494 2599 629 2636 similis
677 2599 792 2637 ordo.
837 2599 902 2637 sed
945 2600 1059 2651 paulo
1101 2599 1283 2636 audacior
1324 2600 1538 2648 invenitur,
1583 2598 1648 2636 ubi
1692 2601 1732 2636 in

214 2670 340 2720 priore
371 2675 478 2719 parte
508 2670 708 2715 genetivus
740 2684 761 2705 u
793 2669 964 2706 subiecto
996 2668 1167 2720 pendens
1201 2669 1485 2719 praemittatur:

272 2751 342 2797 IV,
367 2752 441 2787 351
476 2764 529 2800 sq.
561 2764 619 2787 me
651 2752 792 2800 patris
827 2749 1051 2788 Anchisae
1077 2752 1092 2803 J,
1125 2752 1301 2801 quotiens
1332 2749 1548 2788 umentibus
1590 2750 1732 2789 umbris

562 2833 636 2858 nox
669 2821 791 2871 operit
823 2825 944 2857 terras
970 2819 986 2867 ¹,
1020 2822 1194 2871 quotiens
1227 2825 1329 2857 astra
1358 2821 1472 2871 ignea
1502 2824 1674 2872 surgunt,
