1923 3110
925 145 974 181 63

187 258 329 297 duntur
367 260 406 297 iu
438 272 481 297 ea
520 259 656 310 quibus
696 258 926 297 clauduntur
945 257 984 309 ¹),
1027 265 1067 296 ut
1108 273 1278 297 sermone
1320 258 1483 310 pedestri
1526 261 1598 296 sit:
1642 261 1698 296 in-

186 328 302 366 clusis
350 329 494 365 Danais
536 330 655 366 Sinon
705 329 873 365 claustra
918 328 1032 364 laxat.
1103 328 1176 365 huc
1221 330 1335 365 etiam
1386 328 1565 366 trahendi
1612 335 1701 366 sunt

185 410 338 443 versus,
388 397 434 435 de
477 397 616 448 quibus
660 399 929 446 grammaticos
969 398 1148 447 antiquos
1191 396 1407 447 disputasse
1450 404 1609 449 apparet
1653 411 1701 435 ex

183 466 445 518 disputatione
477 467 564 504 ficta
594 465 696 517 apud
728 465 978 513 Macrobium,
1023 472 1092 503 sat.
1128 466 1196 512 VI,
1231 468 1265 511 8,
1305 470 1317 503 l
1365 474 1399 504 et
1441 466 1557 505 Gellii
1592 468 1638 514 V,
1673 470 1696 505 8

188 549 236 574 ex
268 536 409 575 eisdem
440 536 596 574 scholiis
627 536 776 582 hausta,
809 535 888 573 scil.
922 548 1053 573 versus
1084 536 1178 573 Aen.
1215 536 1304 583 VII,
1340 538 1444 574 187:

418 607 500 656 ipse
531 603 721 652 Quirinali
754 605 848 643 lituo
879 618 1073 657 parvaque
1105 604 1263 643 sedebat

415 676 628 712 succinctus
659 675 800 713 trabea.

186 759 233 784 ex
277 758 369 783 voce
411 749 610 783 succinctus
655 744 703 781 ad
745 749 835 783 lituo
873 744 1069 782 subaudiri
1111 744 1223 783 (lebet
1269 747 1512 796 participium
1544 746 1602 784 vel
1636 746 1701 783 ad-

171 805 366 853 'iectivum
398 814 511 866 quale
542 821 598 852 est
631 818 785 862 insissnis
800 813 839 865 ²).
901 822 1135 865 quantopere
1179 816 1294 852 etiam
1337 816 1376 851 in
1422 814 1480 851 his
1527 817 1700 853 recitatio

186 884 235 922 ad
266 897 429 931 sensum,
461 896 573 935 quem
606 884 726 921 voluit
751 891 865 935 poeta
887 884 1044 930 efficere,
1078 886 1195 925 iuvet,
1227 897 1273 921 ex
1297 886 1466 921 caesuris
1489 898 1699 934 cognoscas

183 956 237 992 eis
269 956 363 1006 ipsis
393 953 489 991 locis
519 955 665 1006 positis,
707 954 844 1005 quibus
881 954 1037 991 verbum
1083 950 1379 1003 desidorat1u·³).
1443 968 1564 1006 neque
1608 953 1698 993 casti

186 1023 326 1061 factum
360 1036 440 1061 esse
470 1029 573 1074 puto,
606 1030 647 1060 ut
678 1023 755 1061 fere
788 1023 963 1060 omuibus
996 1023 1087 1060 locis
1120 1023 1289 1070 verbum,
1323 1022 1423 1074 quod
1458 1023 1505 1060 ad
1538 1024 1701 1062 alterum

185 1099 332 1130 tantum
379 1092 567 1130 obiectum
611 1092 785 1144 quadrat,
835 1092 1024 1130 adiectivo
1070 1098 1105 1130 et
1148 1093 1388 1130 substantivo
1431 1095 1538 1143 quasi
1582 1094 1702 1132 invol-

184 1169 322 1209 vatur,
383 1176 456 1214 quo
518 1162 712 1200 vinculum
768 1165 867 1199 inter
927 1162 1092 1215 verbum
1143 1170 1179 1200 et
1237 1162 1521 1200 substantivum
1581 1166 1701 1202 artius

187 1234 422 1282 astringitur.

300 1301 408 1339 Idem
439 1315 560 1352 genus
592 1304 803 1352 zeugmatis
834 1301 935 1353 apud
969 1302 1065 1339 alios
1098 1309 1229 1353 poetas
1263 1302 1420 1339 Latinos
1452 1315 1606 1354 perraro
1649 1306 1703 1341 in-

187 1373 349 1410 venitur.
411 1372 602 1424 Propertii
636 1379 772 1423 poetae
805 1372 968 1422 Vergilii
1001 1374 1155 1422 ingenio
1188 1371 1394 1410 admodum
1427 1372 1565 1410 adfinis
1597 1373 1703 1411 locos

183 1441 327 1479 similes
359 1447 506 1479 tantum
549 1441 735 1480 indicavit
767 1442 967 1480 Rothsteiu
1012 1441 1061 1479 ad
1098 1442 1143 1480 el.
1180 1442 1207 1490 I,
1242 1444 1305 1487 20,
1345 1444 1391 1479 10
1424 1455 1493 1494 sq„
1540 1456 1701 1494 quorum

185 1510 481 1549 audacissimum
513 1511 730 1563 exemplum
763 1511 990 1557 adscribam,
1026 1512 1097 1557 III,
1129 1514 1176 1549 31
1231 1515 1302 1549 13:

416 1581 535 1619 altera
567 1580 734 1619 deiectos
768 1582 927 1619 Parnasi
960 1584 1104 1619 vertice
1137 1580 1283 1627 Gallos,

414 1651 535 1689 altera
567 1651 761 1689 maerebat
792 1651 925 1689 funera
957 1651 1198 1689 Tantalidos.

186 1733 233 1759 ex
265 1720 450 1759 Statio
481 1735 598 1758 unum
629 1721 753 1759 locum
785 1721 1001 1760 adscribere
1034 1735 1188 1773 possum

265 1803 354 1850 VII,
386 1804 467 1840 460
501 1802 539 1840 hi
572 1803 750 1854 precibus
782 1809 993 1855 questuque
1027 1802 1128 1847 deos,
1162 1803 1199 1840 hi
1233 1803 1374 1840 Martia
1407 1802 1484 1840 tela

503 1872 780 1924 belligerosque
812 1873 1013 1911 hortantur
1043 1886 1170 1925 equos.

186 1941 391 1991 singularis
441 1944 556 1980 etiam
608 1942 710 1994 apud
755 1943 1031 1981 Valerium
1082 1956 1127 1981 ea
1176 1941 1338 1980 audacia
1382 1943 1593 1993 zeugmatis
1635 1949 1703 1989 est,

187 2024 301 2062 quam
334 2013 549 2050 invenimus
578 2011 691 2060 VIII,
725 2015 829 2051 254:

308 2188 342 2231 1)
368 2186 466 2231 aliud
495 2191 550 2222 est
576 2187 634 2231 lX,
662 2190 749 2223 225:

375 2247 547 2282 laxabant
574 2258 679 2282 curas
705 2252 739 2281 et
766 2247 876 2282 corda
903 2248 1015 2283 oblita
1041 2248 1215 2282 laborum.

185 2307 352 2349 quoniam
391 2306 536 2341 verbum
579 2307 756 2342 Iaoeabant
802 2306 847 2341 ad
900 2312 1091 2351 utrumque
1135 2307 1312 2341 obiectum
1362 2315 1469 2339 sensu
1523 2305 1700 2340 translato

186 2363 350 2407 quadrat.

305 2427 340 2468 2)
363 2427 407 2460 cf.
436 2427 519 2470 Leo,
547 2428 702 2464 Senecae
728 2434 820 2474 trag,
849 2429 872 2464 1.
901 2442 933 2475 p.
965 2433 1040 2465 111.

305 2486 340 2527 3)
367 2495 436 2519 non
464 2487 531 2522 huc
559 2489 716 2532 pertinet
742 2489 837 2532 V111,
865 2492 954 2525 529:

374 2555 439 2588 per
465 2545 591 2581 sudum
618 2549 768 2583 rutilare
797 2549 917 2584 vident
943 2554 979 2584 et
1005 2549 1110 2594 pulsa
1135 2554 1272 2584 tonare.

188 2602 313 2637 similis
340 2603 502 2639 confusio
529 2615 696 2641 sensuum
723 2614 777 2642 est
804 2609 900 2651 VIII,
927 2611 1017 2644 360:

586 2666 791 2711 passimque
818 2672 981 2703 armenta
1007 2669 1187 2711 videbant,

376 2721 609 2768 Romanoque
635 2723 714 2759 foro
741 2729 777 2760 et
805 2726 913 2761 lautis
940 2727 1077 2772 mugire
1103 2730 1246 2765 carinis.

188 2785 242 2815 est
269 2780 363 2825 quod
391 2791 518 2823 graece
546 2781 677 2817 dicitur
703 2785 886 2831 μετάληψις
913 2785 1110 2832 αἰσθήσεων,
1138 2787 1181 2822 <lc
1218 2800 1289 2833 qua
1315 2791 1394 2827 vide
1430 2792 1574 2828 Norden
1615 2795 1635 2828 l.
1667 2808 1692 2829 s.

186 2851 219 2884 p.
247 2842 326 2875 200.
1235 2843 1239 2847 ”
