1923 3110
920 121 971 158 77

194 241 305 284 iynea
331 239 493 284 plantisss
536 239 694 274 celeritas
718 249 930 283 pennarum
961 241 1021 281 est,
1064 242 1105 272 nt
1146 238 1328 283 ‘celerique
1363 238 1456 284 fuya
1498 237 1564 273 sub
1594 237 1716 273 sidera

198 310 344 353 lapsae'.
407 308 467 343 cui
501 306 751 357 explicationi
794 307 832 342 in
863 305 1020 342 scholiis
1060 304 1153 342 haec
1197 304 1331 341 addita
1369 311 1475 342 sunt:
1516 311 1583 342 ant
1624 311 1715 341 certe

203 378 434 413 describentis
465 382 537 413 est:
567 388 791 422 supervacua
823 378 918 410 enim
947 380 995 411 est
1026 377 1103 410 alas
1132 376 1278 410 habenti
1319 376 1457 420 pedum
1492 377 1712 420 pernicitas:

201 452 267 482 aut
296 450 347 483 sic
376 449 534 493 intelleye
566 447 728 492 ‘pedibus
757 447 897 480 celerem
931 450 961 479 et
993 446 1060 480 alis
1089 445 1282 480 relocibns’.
1335 455 1355 480 e
1386 442 1527 493 quibus
1557 443 1714 480 scholiis

205 513 278 551 hoc
309 513 462 565 quidem
493 519 674 563 apparet:
720 511 878 549 dictioni
910 511 1055 562 aliquid
1089 513 1225 558 inesse,
1268 511 1370 562 quod
1413 514 1565 549 ratione
1595 526 1720 561 gram-

202 584 345 620 matica
376 582 516 619 frustra
547 582 742 632 explicare
774 594 962 618 conemur.
1039 587 1151 631 poeta
1182 580 1323 617 famam
1355 581 1453 617 sieut
1479 584 1634 627 pedibus
1665 595 1715 618 ce-

199 655 305 689 lerem
336 654 392 688 ita
420 656 600 698 pernicem
633 655 699 689 alis
730 650 937 699 cogitabat,
981 649 1047 688 sed
1089 664 1165 687 non
1196 652 1322 687 minus
1361 649 1526 700 quadrat
1561 654 1717 698 pedibus

200 724 371 759 celeribus
402 727 439 758 et
471 725 538 759 alis
560 725 782 769 pernicibus.
844 719 946 771 quod
989 726 1115 757 autem
1148 721 1300 757 tertiam
1332 721 1638 757 coniunctionem
1671 733 1718 758 ex

168 789 350 828 ·duabus
395 791 472 829 illis
513 793 672 829 mixtam
716 792 931 842 composuit
975 789 1204 827 divinationi
1249 791 1379 841 potius
1421 803 1538 840 quam
1578 792 1716 827 rationi

200 860 356 898 habitae
388 860 700 911 imputandumst.

318 930 393 969 Ubi
426 930 502 968 duo
533 933 689 968 nomina
720 930 963 968 substantiva
1006 929 1154 967 duobus
1195 928 1397 967 adiectivis
1438 932 1624 967 instructa
1662 931 1717 967 in-

205 1002 423 1047 veniuntur,
467 1002 692 1052 compositio
733 1013 778 1038 ea
819 1013 900 1038 esse
940 1006 1077 1050 potest,
1125 1006 1163 1037 ut
1210 1001 1334 1050 primo
1380 999 1535 1050 quidem
1581 999 1716 1037 obtutu

195 1069 340 1108 dixeris
373 1070 563 1108 adiectiva
596 1073 696 1108 inter
727 1084 767 1108 se
800 1083 880 1107 esse
913 1076 1071 1108 mutata.
1128 1072 1220 1120 quin
1249 1083 1323 1107 uno
1356 1069 1439 1107 loco
1471 1071 1587 1107 etiam
1618 1076 1716 1116 sunt,

197 1141 262 1190 qui
300 1139 504 1178 adiectivis
548 1142 647 1178 iuter
686 1154 726 1178 se
759 1142 914 1177 mutatis
958 1140 1030 1176 sibi
1077 1139 1282 1177 videantur
1313 1153 1465 1178 versum
1497 1141 1714 1177 correxisse

198 1209 254 1245 ita
285 1210 381 1246 Aen.
416 1210 489 1257 IX,
523 1212 603 1246 455
650 1213 841 1257 tepidaque
871 1216 1043 1246 recentem
1074 1212 1180 1247 caede
1209 1213 1334 1251 Iocum,
1376 1216 1476 1246 certe
1507 1209 1719 1260 simplicius

196 1284 324 1316 esset:
357 1283 587 1327 tepidamque
618 1285 748 1317 recenti
780 1283 884 1317 caede
914 1284 1025 1316 Iocum
1047 1278 1082 1328 ¹).
1145 1287 1270 1316 tamen
1303 1278 1417 1316 valde
1449 1284 1550 1316 errat
1581 1278 1717 1329 Heury

201 1347 363 1397 Vergilii
399 1351 586 1400 interpres
619 1356 784 1387 ceterum
816 1363 890 1386 non
923 1348 1156 1400 imprudens,
1190 1351 1252 1400 qui
1287 1349 1403 1386 verba
1434 1351 1489 1385 ita
1508 1362 1589 1386 esse
1610 1350 1715 1386 resti-

195 1417 337 1455 tuenda
369 1426 489 1470 putat.
550 1434 638 1457 nam
671 1434 744 1457 non
778 1423 902 1457 minus
934 1427 1033 1457 certe
1065 1433 1181 1470 quam
1212 1421 1353 1456 scimus
1385 1421 1461 1456 iam
1492 1420 1711 1470 grammati-

193 1500 323 1525 corum
356 1496 524 1527 veterum
556 1489 741 1541 quosdam
774 1490 901 1537 fuisse,
933 1491 996 1541 qui
1030 1489 1130 1527 idem
1165 1489 1363 1536 voluerint,
1398 1489 1611 1539 Vergilium
1634 1488 1712 1526 dici

195 1556 308 1595 debet
329 1561 548 1610 scripsisse:
579 1563 708 1607 tepida
721 1574 788 1607 qsce
809 1567 962 1597 recente
979 1575 1011 1596 m
1042 1562 1148 1597 caede
1177 1564 1300 1597 locam.
1342 1558 1445 1610 quod
1467 1573 1515 1597 ex
1538 1561 1706 1610 ipsorum

197 1627 369 1666 codicum
393 1631 574 1667 memoria
595 1632 774 1681 quamvis
798 1632 945 1667 variata
967 1637 1148 1681 apparet:
1181 1633 1411 1677 tepidamque
1435 1633 1563 1667 recenti
1587 1628 1708 1666 Medi-

197 1710 296 1745 ceus,
329 1700 366 1735 in
389 1712 464 1750 quo
487 1714 511 1736 ιι
533 1699 661 1737 littera
683 1706 853 1737 correcta
875 1705 931 1737 est
954 1701 992 1736 in
1017 1714 1040 1736 ιι
1061 1701 1370 1751 superscriptam,
1403 1699 1599 1749 Romanus
1621 1702 1709 1745 tepi-

198 1771 355 1817 dumque
384 1777 568 1816 recentem,
613 1784 710 1808 uuus
743 1770 944 1807 Palatinus
984 1769 1097 1807 babet
1128 1772 1360 1817 tepidamque
1394 1774 1534 1807 recenti.
1596 1775 1711 1820 atque

201 1839 356 1875 minime
397 1838 621 1876 mirabimur
662 1839 837 1876 librarios
869 1838 907 1876 id
947 1838 1126 1876 mendum
1167 1839 1352 1885 intulisse,
1398 1845 1438 1876 ut
1478 1838 1713 1876 adieetivum

200 1910 363 1955 tepidum
379 1922 463 1945 cum
487 1908 730 1946 substantivo
753 1909 855 1961 quod
877 1915 935 1946 est
956 1913 1067 1946 locum
1092 1911 1373 1957 coniungerent.
1406 1907 1474 1946 sed
1497 1909 1654 1946 Servius
1675 1910 1714 1944 in

200 1976 394 2015 codicibus
426 1978 539 2016 Probi
574 1981 814 2029 grammatici
846 1993 999 2016 manum
1031 1981 1155 2029 passis
1198 1979 1289 2028 legit
1319 1981 1512 2026 tepidaque
1542 1985 1714 2016 recentem

205 2060 230 2084 c.
243 2050 262 2084 l.
276 2054 525 2099 praeteraque
537 2061 606 2086 nos
623 2048 733 2086 docet
749 2051 825 2086 iam
837 2055 985 2087 veteres
999 2047 1185 2099 quosdam
1201 2050 1475 2099 grammaticos
1486 2050 1711 2086 coniecisse:

202 2120 433 2165 tepidumque
466 2123 597 2156 recenti
631 2122 736 2156 caede
755 2122 891 2166 locum3
927 2118 1086 2156 adnotat
1111 2121 1231 2156 enim:
1264 2122 1451 2168 hypallaye
1472 2125 1520 2157 est
1542 2120 1715 2165 ‘tepidum

201 2189 314 2223 locam
334 2191 466 2224 recenti
487 2190 624 2235 caede'3
646 2191 742 2225 unde
765 2192 867 2226 mzdti
886 2192 1032 2237 legunt.-
1055 2192 1288 2236 tepidumque
1312 2193 1444 2226 recenti
1466 2191 1571 2226 caede
1591 2191 1714 2225 lom-m.

201 2254 417 2306 Vergilium
447 2258 644 2307 scripsisse
675 2261 868 2306 tepidaque
899 2266 1069 2296 recentem
1106 2264 1269 2296 testatur
1300 2260 1416 2296 etiam
1450 2257 1620 2295 Macrob.
1647 2262 1714 2294 sat.

202 2325 272 2371 VI,
305 2329 341 2372 6,
374 2328 396 2363 3
429 2326 493 2364 ubi
528 2326 686 2364 Servius
717 2328 786 2364 illa
816 2328 934 2366 verba
964 2330 1066 2366 inter
1096 2341 1141 2365 ea
1171 2335 1380 2375 enumerat,
1428 2342 1519 2376 qnae
1553 2332 1592 2364 in
1630 2329 1713 2364 Ver-

205 2398 293 2442 qilio
323 2401 497 2434 notaverit
528 2400 573 2434 ab
606 2400 682 2444 ipso
712 2401 887 2445 stymmata,
950 2411 1024 2436 non
1067 2400 1149 2435 sine
1190 2397 1353 2436 audacia
1384 2398 1500 2445 locus,
1542 2398 1606 2448 qui
1648 2395 1714 2434 ad-

203 2464 277 2501 huc
318 2467 505 2514 sanguine
554 2471 666 2516 tepet,
710 2469 792 2518 ipse
836 2467 976 2505 dicitur
1016 2480 1158 2505 recens
1221 2468 1292 2506 hoc
1335 2469 1436 2505 enim
1479 2466 1713 2505 adiectivum

203 2536 377 2585 usurpari
421 2534 517 2572 solet
559 2534 606 2573 de
646 2548 686 2574 re
723 2536 837 2574 modo
878 2537 1001 2576 facta:
1047 2539 1102 2575 ita
1144 2541 1294 2575 umbrae
1336 2544 1489 2575 recentes
1537 2536 1717 2574 dicuntur

207 2605 271 2655 qui
303 2603 416 2655 paulo
449 2610 562 2641 antea
592 2607 733 2642 mortui
764 2612 871 2644 sunt:
915 2605 1030 2645 Ovid.
1062 2614 1150 2644 met.
1182 2607 1252 2654 IV,
1294 2609 1376 2645 434
1408 2611 1628 2654 wnbraeqne
1658 2619 1713 2643 re-

303 2765 336 2807 l)
364 2762 407 2796 cf.
437 2765 522 2797 Aen.
552 2762 654 2806 VIII,
691 2764 755 2798 195
789 2773 991 2808 semperque
1022 2764 1155 2799 recenti
1186 2763 1291 2799 caede
1315 2763 1453 2808 tepebat
1477 2764 1618 2799 humus.
1670 2765 1715 2801 cf.

207 2822 313 2857 etiam
341 2822 435 2856 Stati
461 2822 570 2856 Theb.
599 2822 642 2866 X,
669 2824 736 2856 455
765 2827 795 2857 et
820 2823 925 2858 caede
950 2824 1079 2858 recenti
1105 2834 1208 2858 arma
1234 2824 1356 2858 rubere
1380 2827 1528 2867 notant;
1562 2823 1608 2858 ib.
1635 2826 1715 2866 467,
