1923 3110
838 111 888 148 17

97 228 291 265 invenitur
321 228 436 265 ctiam
470 226 699 264 abstractum
732 240 814 263 cum
848 232 1023 264 concreto
1055 227 1324 263 coniunctum:

215 308 280 353 [V.
318 310 394 346 164
430 308 638 345 Hesionam
671 313 709 345 et
740 307 935 358 Phrygiae
968 314 1110 358 peteret
1144 321 1227 344 cum
1259 307 1403 356 gaudia
1433 315 1584 357 nuptae.

210 377 279 421 VI,
313 379 390 415 691
484 383 523 414 ut
556 375 719 414 Colchos
750 376 880 427 procul
913 382 1028 426 atque
1062 377 1198 413 Aeetia
1231 375 1386 413 Parthis

413 445 565 483 foedera
606 444 747 482 donato
778 458 852 482 non
901 447 1007 482 irrita
1053 447 1227 494 iungeret
1268 458 1370 482 auro.

211 516 385 561 111‚495
479 516 617 552 Aeetes
649 521 779 551 eontra
809 514 989 551 thalamis
1021 522 1055 552 et
1087 516 1237 563 virgine
1270 521 1379 564 pacta

415 584 598 621 conciliat
631 597 737 632 reges
771 584 982 634 Scythicos.

93 666 322 704 adiectivum
355 666 463 703 alteri
496 668 638 703 notioni
673 666 864 703 adiectum
897 668 984 703 novi
1020 665 1164 716 aliquid
1206 665 1315 702 addit
1359 665 1608 716 descriptioni

97 736 157 773 vel
189 736 364 773 affectum
397 742 532 783 aug-et:

211 818 323 863 VIII,
350 820 401 855 60
434 819 555 868 ipsius
586 830 631 854 en
665 817 795 854 oeulos
827 823 863 854 et
897 817 1039 854 lumina
1072 823 1178 854 torva
1213 816 1390 854 draconis

216 887 403 934 VI1,327
440 893 556 937 utque
588 886 718 937 procul
753 889 911 935 magicis
943 888 1129 937 spirantia
1161 894 1261 924 tecta
1295 889 1449 924 venenis

437 964 473 993 et
504 969 642 994 saevae
676 963 830 1006 patuere
862 956 973 1002 fores,

90 1038 210 1075 multo
255 1039 434 1089 pauciora
474 1039 592 1085 igitur
622 1045 706 1074 sunt
749 1052 846 1088 quae
887 1038 957 1075 huc
992 1040 1220 1088 pertinentia
1252 1052 1298 1074 ex
1334 1037 1486 1075 Valerio
1519 1052 1607 1075 con—

88 1107 176 1144 ferri
212 1113 380 1158 possunt,
412 1120 532 1157 neque
565 1107 685 1143 solum
718 1109 897 1157 pauciora
932 1106 1176 1156 Vergilianus.
1210 1106 1275 1143 sed
1309 1107 1446 1143 viliora
1477 1108 1605 1144 etiam.

202 1187 316 1236 Quod
349 1187 394 1225 ad
428 1187 596 1225 indolem
643 1190 831 1239 poeticam
873 1191 1028 1233 attinet,
1075 1189 1319 1237 Vergilianae
1362 1188 1475 1237 paulo
1520 1200 1605 1238 pro-

88 1259 266 1309 pinquior
296 1264 351 1294 est
383 1257 568 1294 Statiana.
632 1258 814 1295 Statius
845 1259 956 1305 enim,
991 1270 1222 1308 quamquam
1250 1255 1464 1294 'l'hebaidis
1496 1269 1603 1293 oeco-

87 1330 254 1366 nomiam
286 1335 406 1366 totam
437 1328 483 1365 ad
519 1328 703 1366 Aeneidis
735 1329 930 1380 exemplar
961 1329 1126 1366 confecit
1158 1335 1193 1365 et
1227 1328 1345 1365 multa
1377 1334 1602 1379 argumenta

87 1412 134 1436 ex
166 1398 338 1447 Vergilio
386 1401 557 1449 sumpsit,
598 1413 770 1436 sermone
818 1406 942 1437 tamen
985 1398 1190 1436 admodum
1225 1400 1377 1449 proprio
1411 1412 1501 1436 usus
1544 1406 1599 1435 est

90 1482 210 1519 eoque
242 1482 525 1519 nonnumquam
557 1468 812 1506 audacissimo
883 1475 998 1520 atque
1039 1468 1223 1506 audacior
1262 1470 1375 1506 etiam
1418 1476 1475 1506 est
1511 1468 1602 1505 Vei·-

85 1540 180 1589 gilio
211 1542 249 1576 in
281 1540 440 1577 historia
473 1540 602 1591 aliqua
635 1540 806 1591 pluribus
837 1540 962 1577 modis
994 1539 1201 1577 iudicanda
1236 1540 1338 1577 velut

200 1621 320 1658 Theb.
356 1622 423 1661 JV,
458 1623 535 1657 4:3⁴5
572 1628 657 1672 post
690 1624 993 1671 consanguineas
1025 1624 1127 1659 acies
1159 1622 1358 1672 sulcosque
1390 1627 1581 1660 nocentes.

86 1705 189 1755 prior
220 1705 320 1740 enim
354 1717 441 1754 pars
472 1705 572 1739 acies
606 1705 769 1740 virorum
804 1717 846 1739 ex
882 1703 1051 1741 dentium
1085 1705 1227 1740 semine
1261 1710 1367 1756 natas
1399 1703 1601 1750 significat,

85 1773 205 1810 altera
236 1775 358 1824 ipsam
391 1775 578 1810 actionem
613 1773 744 1810 arandi
782 1780 816 1810 ct
849 1772 1008 1810 serendi.
1070 1774 1204 1810 similis
1245 1774 1282 1809 in
1325 1772 1482 1809 historia
1526 1786 1599 1809 una

84 1842 288 1880 indicanda
312 1845 487 1885 varietas,
520 1856 541 1879 a
573 1856 646 1893 qna
675 1843 868 1891 Vergilius¹
901 1850 1002 1881 recto
1025 1856 1137 1880 sensu
1160 1843 1348 1884 abhorret,
1380 1844 1598 1879 invenitur:

143 1924 264 1961 Theb.
300 1924 343 1966 V,
378 1926 429 1961 30
808 1926 927 1962 furias
959 1931 994 1962 et
1030 1925 1198 1962 Lemnon
1232 1932 1266 1961 et
1301 1925 1393 1960 artis

461 2007 565 2030 arina
598 1995 737 2031 inserta
771 1997 863 2031 toris
895 1994 1182 2045 delwllatosque
1216 1993 1392 2045 pudendo

459 2075 545 2099 ense
576 2076 710 2101 mares.

82 2150 279 2195 praeterea
330 2144 502 2181 conferas
546 2158 687 2195 quaeso
721 2145 811 2190 VII,
850 2146 951 2192 7873
1001 2145 1109 2189 VIII,
1146 2146 1235 2181 232,
1304 2143 1436 2181 durior
1481 2146 1595 2181 etiam

81 2226 202 2251 sermo
243 2213 438 2251 Statiauus
482 2216 723 2263 cognoscitur
763 2229 808 2252 ex
851 2215 932 2252 loco
974 2214 1085 2265 plane
1136 2214 1183 2250 ad
1219 2214 1378 2263 Vergilii
1414 2214 1598 2251 Aeneidis

81 2283 103 2321 l.
126 2284 156 2330 I,
187 2296 283 2320 vers.
302 2285 351 2320 26
385 2290 505 2320 memet
542 2287 617 2320 alta
651 2291 762 2321 incute.
795 2291 972 2331 repostum
1003 2287 1179 2321 indiciam
1207 2286 1358 2320 Paridis
1387 2290 1595 2330 spretaeque

80 2357 224 2390 iniuria
253 2357 392 2398 formae
423 2352 610 2390 confecto:

167 2433 287 2470 Theb.
323 2433 349 2479 l,
386 2436 463 2470 240·
584 2447 706 2485 neque
738 2436 836 2471 enini
869 2448 1007 2471 arcano
1041 2433 1088 2471 de
1120 2440 1271 2485 pectore
1302 2431 1424 2473 fallax

487 2503 678 2541 Tantalus
709 2510 746 2541 et
777 2517 916 2541 saevae
946 2505 1059 2555 periit
1089 2505 1231 2541 iniuria
1261 2516 1422 2542 mensae.

79 2584 144 2622 ubi
187 2582 376 2622 duriorem
420 2597 501 2622 esse
534 2585 648 2623 Statii
679 2598 890 2623 sermonem
932 2587 1134 2632 sentimus,
1180 2584 1285 2636 quod
1325 2587 1447 2636 prima
1487 2593 1595 2637 parte

78 2653 244 2691 hominis
281 2666 419 2691 nomen
462 2667 546 2691 cum
586 2655 755 2706 epitheto
787 2657 1029 2692 coniunctum
1060 2659 1175 2700 fallam
1207 2658 1382 2692 Tantalus
1414 2668 1480 2706 pro
1511 2657 1594 2705 ipso

81 2725 237 2761 erimine
268 2722 434 2760 ‘fallacia
464 2723 634 2760 'I‘antali'
666 2726 832 2774 positum
862 2730 927 2761 est.

201 2791 312 2844 Apud
347 2798 510 2843 poetam,
542 2794 605 2843 qui
639 2793 733 2836 talia
765 2806 879 2830 ausus
911 2795 970 2834 sit,
1013 2806 1088 2829 non
1128 2792 1265 2830 frustra
1308 2793 1593 2843 expectabimus

1296 2865 1316 2889 -)

1297 2891 1314 2898 .-
