1923 3110
999 138 1048 173 64

487 263 575 300 pars
607 249 771 288 veribus
803 265 893 301 pars
925 251 1083 289 undanti
1118 252 1314 303 despumat
1350 268 1454 291 neno.

256 318 323 356 sed
373 332 449 356 non
500 333 585 356 curn
630 320 814 369 Langeno
855 320 1107 359 dubitandmn
1153 332 1219 361 est.
1266 330 1390 360 utrum
1439 338 1486 361 cx
1529 324 1778 375 despumandi

254 387 372 425 verbo
412 387 460 425 ad
501 392 643 427 veribus
681 389 896 441 supplenda
939 392 987 428 sit
1033 393 1140 428 notio
1188 391 1328 441 figendi
1372 406 1419 429 an
1467 393 1642 441 assandi,
1689 408 1778 432 nam

254 465 354 497 certe
402 458 521 497 verbo
565 462 755 507 despumat
801 462 1004 498 coniuncto
1059 475 1142 499 cum
1188 464 1343 500 notione
1389 464 1631 501 instrumenti
1679 464 1775 502 nihil

255 528 484 580 respondere
514 535 640 580 potest
671 529 718 566 ad
751 534 892 568 veribus
922 528 997 569 nisi
1031 533 1135 568 notio
1168 535 1320 569 assandi
1352 532 1412 570 vel
1445 537 1629 581 coquendi.

371 598 475 636 Huic
505 601 632 648 generi
676 602 889 649 zeugmatis
935 599 1072 637 adfinis
1114 600 1240 638 evadit
1287 604 1541 653 compositio,
1589 602 1653 640 ubi
1701 601 1776 641 duo

258 668 407 707 obiecta
440 670 491 706 ita
526 668 573 705 ab
605 683 678 706 uno
708 669 825 707 verbo
858 669 1083 720 dependent,
1129 677 1165 707 ut
1208 670 1253 707 ad
1288 671 1449 708 alterum
1481 684 1591 709 sensu
1622 675 1776 724 proprio

255 738 303 775 ad
337 739 496 776 alterum
531 739 717 776 translato
751 738 921 790 quadret.
985 754 1096 790 quam
1131 742 1455 790 omnpositionem,
1493 743 1602 778 cuius·
1633 744 1669 779 in
1703 756 1774 780 usu

251 808 417 846 Ovidius
435 806 463 858 ¹¹}
506 808 696 846 luxuriat.
744 809 940 857 Vergilius
982 810 1101 846 multo
1145 812 1294 846 cautius
1341 813 1552 859 usurpavit.
1598 818 1636 848 ut
1677 813 1773 850 solet

254 892 350 929 quae
381 879 543 915 artificia
576 878 762 915 rhetorica
794 881 971 930 sapiunt:

310 949 406 985 Aen.
442 949 469 994 l,
504 950 585 985 :5130
618 947 677 984 his
710 956 897 985 commota
931 950 1057 998 fugam
1092 949 1195 986 Dido
1228 951 1426 1000 sociosque
1458 950 1628 1000 parabat.

439 1018 462 1054 Ι.
497 1020 547 1055 ’78
983 1026 1021 1055 tu
1055 1026 1207 1070 sceptra
1241 1020 1450 1070 lovemque

613 1088 806 1125 concilias.

423 1158 470 1204 V,
507 1159 587 1195 508
621 1159 839 1209 pariterque
871 1158 1001 1195 oculos
1033 1159 1224 1210 telumque
1260 1158 1431 1196 tetendit.

378 1227 467 1273 VII,
501 1229 581 1264 407
616 1228 892 1279 consiliumque
924 1242 1150 1280 omnemque
1185 1229 1337 1266 domum
1370 1230 1529 1266 vertisse
1559 1228 1699 1266 Latini.

375 1296 469 1343 XII,
505 1298 586 1334 930
618 1297 684 1334 ille
700 1297 856 1334 humilis
873 1297 1113 1349 supplexque
1132 1298 1265 1335 oculos
1282 1297 1533 1349 dextramque
1549 1303 1765 1349 precantem

616 1366 859 1417 protendens,

246 1443 288 1474 ut
328 1437 386 1473 his
431 1436 526 1474 locis
564 1435 639 1474 duo
690 1436 839 1474 obiecta
880 1439 1092 1487 zeugmatis
1127 1452 1265 1488 genere
1307 1437 1409 1490 quod
1452 1437 1533 1474 dixi
1566 1439 1767 1475 coniuncta

245 1512 345 1554 sunt,
376 1519 499 1544 sermo
531 1506 691 1544 eandem
723 1506 925 1544 audaciam
959 1507 1034 1544 alio
1064 1507 1177 1545 modo
1210 1508 1364 1545 affectat
1395 1508 1447 1555 II,
1482 1510 1584 1545 654:

560 1577 791 1628 inceptoque
823 1583 859 1614 et
890 1576 1045 1614 sedibus
1076 1577 1207 1615 haeret
1239 1579 1277 1614 in
1308 1577 1437 1615 isdem.

242 1652 277 1684 et
358 1646 410 1692 X,
446 1648 520 1683 691
1126 1653 1241 1698 atque
1274 1646 1450 1685 omnibus
1480 1648 1557 1692 uni,

559 1717 624 1753 uni
658 1715 833 1767 odiisque
865 1719 948 1754 viro
982 1723 1017 1754 ct
1051 1717 1136 1754 telis
1167 1717 1430 1768 frequentibus
1461 1719 1614 1754 instant.

242 1799 528 1837 nonnumquam
577 1786 737 1824 alterum
781 1787 969 1824 obiectum
1020 1787 1164 1824 aceedit
1213 1789 1497 1838 praepositione
1547 1801 1626 1824 eum
1673 1800 1760 1824 con-

239 1858 421 1902 iunctum,
453 1856 557 1894 velut

298 1927 394 1964 Aen.
427 1926 479 1972 IL
515 1928 595 1963 688
716 1932 752 1963 et
785 1925 891 1963 caelo
923 1926 1071 1977 palmas
1103 1939 1188 1962 cum
1221 1939 1312 1963 voce
1347 1924 1507 1964 tetendit
1527 1922 1566 1974 ''.)

401 1996 475 2043 ΙΙΙ,
512 1998 587 2033 176
1123 1995 1314 2046 tendoque
1346 1996 1502 2047 supinas

623 2067 671 2104 ad
704 2067 852 2105 caelum
884 2081 970 2105 cum
1004 2080 1097 2105 voce
1129 2080 1273 2104 manus.

420 2138 471 2183 X,
506 2139 585 2175 667
619 2145 655 2175 et
687 2136 853 2188 duplicis
885 2151 969 2175 cum
1000 2151 1094 2175 voce
1126 2150 1261 2174 manus
1293 2135 1341 2173 ad
1374 2135 1501 2174 sidera
1531 2133 1664 2172 tendit.

236 2221 324 2245 nam
359 2222 487 2245 manus
517 2222 593 2245 cam
628 2221 703 2245 voce
731 2211 847 2246 tendit
878 2207 1013 2246 eodem
1045 2207 1157 2245 modo
1188 2220 1258 2258 pro
1292 2221 1422 2245 manus
1452 2213 1484 2244 et
1504 2218 1615 2243 vocem
1638 2206 1753 2241 tendit

237 2277 381 2315 dictum
422 2284 478 2314 est
523 2290 595 2328 quo
631 2279 725 2316 Aen.
756 2278 818 2324 II,
853 2280 933 2315 378
975 2281 1148 2325 obstipuit
1188 2283 1353 2323 retroque
1390 2279 1516 2323 pedem
1560 2287 1639 2311 cnm
1678 2286 1753 2309 voce

238 2353 413 2395 repressit,
455 2348 548 2384 nihil
593 2360 674 2385 esse
711 2354 835 2398 potest
867 2350 940 2385 nisi
971 2351 1095 2395 pedem
1127 2354 1159 2384 et
1190 2360 1299 2384 rocem
1335 2350 1510 2393 repressit.
1579 2341 1753 2380 audacis-

235 2419 330 2454 sima
361 2419 443 2455 eius
475 2416 654 2454 dictionis
687 2418 862 2469 exempla
895 2417 1062 2456 Ovidius
1092 2417 1218 2462 habet,
1250 2415 1383 2467 qualia
1414 2420 1527 2452 sunt:

292 2493 378 2525 met.
412 2487 463 2533 IL
499 2488 574 2524 601
612 2493 647 2524 et
678 2489 822 2538 pariter
855 2488 1059 2539 vultusque
1092 2486 1163 2525 deo
1195 2485 1459 2536 plectrumque
1491 2484 1670 2536 colorque

607 2556 761 2594 excidit.

354 2726 386 2765 1)
414 2724 578 2768 exempla
605 2724 716 2758 multa
743 2724 888 2768 collegit
913 2724 988 2759 Leo
1015 2724 1094 2758 Sen.
1123 2726 1214 2767 trag.
1242 2721 1258 2756 1
1286 2734 1321 2767 p.
1352 2723 1426 2756 198.

353 2785 389 2826 2)
416 2783 576 2817 imitatus
604 2788 658 2817 est
685 2783 774 2817 Stat.
803 2783 913 2817 Theb.
942 2783 1037 2825 VIII,
1068 2784 1154 2817 146:

471 2842 678 2884 frustraque
707 2853 830 2876 manus
861 2853 938 2876 cum
967 2853 1049 2876 voce
1077 2840 1240 2876 tetendit.
