1923 3110
931 90 981 126 73

195 204 293 256 bage
339 207 582 256 quaesiverit,
629 204 696 242 sed
729 203 914 249 videmus,
945 203 985 241 id
1017 205 1054 240 in
1087 208 1252 254 quantas
1293 208 1330 240 et
1372 215 1485 254 quam
1530 201 1709 239 molestas

195 275 375 325 ambages
407 281 558 326 poetam
588 274 794 312 induxerit.

311 343 420 392 Quae
451 357 499 381 ex
532 344 711 381 Lucretio
742 356 858 393 supra
887 340 1079 387 indicavi,
1120 341 1218 378 alius
1262 343 1412 390 generis
1443 347 1531 378 sunt
1562 347 1600 378 et
1628 341 1702 391 ipsi

195 412 357 450 docendi
397 415 536 450 rationi
586 412 788 463 applicata.
848 422 972 461 neque
1014 411 1133 459 igitur
1174 412 1311 447 mirum
1351 416 1408 448 est
1446 413 1528 448 usui
1571 411 1710 448 Lucre-

193 484 296 520 tiano
319 495 436 534 prope
457 481 638 519 accedere
667 481 771 518 locos
802 492 947 531 paucos
978 481 1017 516 in
1049 478 1346 529 Georgicis,
1408 481 1462 516 sie
1490 493 1618 528 georg.
1638 479 1709 527 IV,

195 553 258 597 67,
297 564 373 601 quo
417 550 500 587 loco
531 549 655 595 docet,
699 548 790 600 quid
831 547 1046 586 faciendum
1087 551 1136 586 sit
1179 547 1330 586 duobus
1374 548 1528 599 regibus
1576 551 1706 599 apium

193 619 484 663 decertantibus,
516 624 718 670 postquam
750 619 899 669 coepit:

426 691 484 726 sin
515 695 641 726 autem
675 687 721 725 ad
756 701 925 738 pugnam
957 688 1132 733 exierint,

172 758 300 807 *velut
353 760 390 796 in
442 759 659 809 parenthesi
701 757 883 803 dicturus,
928 756 1118 809 quomodo
1164 769 1209 795 ea
1253 757 1356 795 bella
1397 756 1515 795 ordiri
1560 758 1707 796 soleant

194 829 344 879 pergit:

849 920 900 925 —
934 911 1022 934 nam
1054 909 1168 947 saepe
1199 895 1350 934 duobus

475 967 628 1018 regibus
659 969 817 1006 incessit
847 981 986 1017 magno
1018 966 1211 1005 discordia
1241 974 1357 1006 motu.

189 1038 253 1076 sed
287 1051 348 1076 res
380 1037 632 1075 describenda
663 1044 815 1088 poetam
847 1039 901 1075 ita
931 1039 1040 1089 quasi
1073 1050 1201 1075 secum
1233 1037 1360 1082 trahit,
1411 1042 1451 1073 ut
1494 1038 1570 1073 iam
1603 1037 1704 1073 initii

189 1108 334 1145 oblitus
366 1113 487 1145 totum
519 1107 661 1145 bellum
692 1107 985 1155 diligentissime
1016 1107 1218 1144 describat.
1281 1105 1433 1144 tandem
1466 1108 1603 1155 viginti
1625 1118 1708 1143 ver-

187 1177 292 1215 sibus
323 1179 549 1214 intermissis
583 1178 686 1214 venit
718 1176 767 1214 ad
799 1190 853 1223 ea,
885 1190 983 1228 quae
1016 1178 1048 1214 ei
1082 1190 1103 1213 a
1135 1189 1247 1214 versu
1285 1178 1334 1213 67
1371 1188 1490 1227 usque
1524 1178 1562 1213 in
1581 1177 1707 1213 auimo

187 1254 268 1285 erat
299 1246 458 1284 docere:

234 1330 267 1353 v.
303 1318 354 1354 88
387 1329 442 1366 sq.
476 1328 607 1353 verum
640 1315 704 1353 ubi
736 1315 914 1353 ductores
946 1318 1027 1353 acie
1058 1316 1299 1353 revocaveris
1331 1315 1454 1362 ambo,

472 1385 640 1423 deterior
672 1387 737 1436 qui
770 1387 887 1430 visus,
920 1399 1017 1431 euin,
1049 1398 1095 1422 ne
1128 1385 1312 1436 prodigus
1343 1384 1454 1431 obsit,

474 1454 571 1493 dede
602 1457 696 1492 neci.

183 1526 286 1563 nullo
319 1532 444 1563 autem
474 1525 591 1564 verbo
624 1525 672 1562 ad
705 1538 759 1569 ea,
793 1540 814 1562 a
846 1526 984 1576 quibus
1025 1525 1233 1577 descriptio
1276 1528 1434 1577 incipit:
1484 1532 1542 1564 sin
1587 1534 1708 1564 aunem

181 1600 231 1634 ad
269 1610 436 1643 Ριιφιαηι
477 1599 639 1640 exierint,
686 1597 890 1633 revertitur
907 1593 944 1646 ¹).
1006 1596 1121 1647 plane
1160 1596 1297 1633 similis
1345 1602 1403 1634 est
1443 1595 1535 1634 ordo
1576 1609 1706 1647 georg,

184 1666 252 1712 IV,
287 1667 363 1703 251
400 1679 469 1717 sq,
500 1665 565 1703 ubi
600 1672 686 1716 post
718 1665 860 1703 verba:

416 1737 447 1772 si
480 1747 570 1773 vero
602 1737 784 1786 quoniam
818 1749 927 1772 casus
959 1735 1095 1786 apibus
1126 1748 1277 1787 quoque
1309 1742 1462 1774 nostros

413 1807 493 1842 vita
524 1805 622 1851 tulit,
655 1807 752 1842 tristi
786 1805 1019 1852 languebant
1053 1819 1214 1856 corpora
1245 1805 1388 1851 morbo,

182 1874 361 1926 apodosis
394 1874 581 1920 differtur,
614 1882 654 1912 ut
687 1877 968 1913 construetione
999 1874 1163 1926 abrupta
1193 1874 1445 1917 describatur,
1497 1875 1620 1927 qualis
1650 1877 1701 1912 sit

179 1944 245 1981 ille
290 1944 442 1981 morbus
486 1947 615 1995 apium
657 1945 868 1996 quibusque
915 1947 1037 1995 signis
1069 1952 1328 1995 aggnoscatur
1359 1946 1408 1994 (v.
1444 1947 1522 1983 253
1538 1945 1696 1991 --263).

181 2018 261 2050 tum
295 2013 459 2064 denique
492 2013 677 2064 apodosin
711 2013 887 2051 audimus
919 2028 952 2051 v.
989 2016 1089 2052 264:

405 2085 467 2123 liic
499 2087 573 2122 iam
603 2085 813 2135 galbaneos
845 2085 1014 2123 suadebo
1045 2086 1247 2125 incendere
1277 2087 1425 2130 odores,

180 2154 243 2191 ubi
275 2158 332 2192 hic
362 2154 408 2191 ad
443 2157 672 2193 sententiam
702 2154 815 2193 modo
847 2155 1132 2194 antecedentem
1157 2159 1331 2208 pertinet.
1384 2156 1558 2195 videmus
1580 2158 1699 2207 igitur

177 2224 615 2262 rationem‘anacolnthi
647 2227 686 2262 in
718 2227 910 2276 georgicis
950 2226 1063 2277 plane
1106 2226 1219 2264 aliam
1264 2239 1346 2265 esse
1384 2233 1499 2279 atque
1541 2229 1579 2264 in
1624 2227 1699 2265 Ae-

178 2292 301 2330 neide.

274 2484 307 2527 1)
333 2488 524 2528 postquam
550 2486 666 2530 prima
692 2491 796 2530 parte
823 2488 884 2531 (—
911 2490 969 2529 76)
989 2487 1192 2533 descripsit,
1221 2488 1399 2532 quomodo
1421 2499 1575 2533 pugnam
1591 2499 1695 2533 prae-

176 2547 326 2586 parent,
365 2542 409 2576 ad
446 2544 559 2587 ipsius
585 2546 790 2580 certaminis
819 2545 1097 2591 descriptionem
1124 2548 1245 2592 pergit
1284 2559 1389 2583 versu
1418 2551 1481 2582 77:
1523 2559 1602 2593 erqo
1635 2549 1699 2583 ubi

280 2627 288 2635 .
328 2601 547 2635 Ribbeckius
574 2604 713 2637 67-ῖῦ
736 2605 837 2638 uncis
871 2605 1040 2646 includit,
1086 2611 1124 2640 ut
1166 2607 1400 2651 parenthesin
1436 2606 1592 2650 indicet3
1632 2606 1696 2641 sed

174 2660 280 2694 verba
309 2671 388 2705 erqo
414 2660 474 2694 ubi
501 2688 507 2695 .
536 2688 542 2696 .
572 2689 577 2695 .
608 2689 613 2694 .
641 2662 781 2699 initium
808 2664 970 2711 recipere
997 2665 1050 2698 vel
1080 2665 1291 2703 continuare
1318 2666 1376 2703 vix
1402 2666 1472 2701 dici
1499 2670 1627 2715 pot-cst.
