1923 3110
918 106 965 141 13

185 226 413 272 quaeruntur
428 218 470 270 ¹).
533 218 736 257 admodum
770 232 855 256 raro
913 220 1027 256 etiam
1081 219 1118 254 iu
1178 219 1368 266 georgicis
1418 220 1552 257 similis
1608 235 1697 260 con-

179 291 324 328 iunctio
353 289 557 327 verborum
587 289 797 326 invenitur:

267 386 303 422 g.
335 373 387 420 ΙΙ,
422 375 497 410 511
563 373 756 423 exilioque
786 370 918 410 domos
949 377 985 409 et
1016 369 1144 408 dulcia
1175 370 1307 407 limina
1338 377 1497 415 mutant,

351 442 382 490 I,
416 444 466 480 75
1268 441 1465 492 tristisque
1496 442 1616 493 lupini

556 511 756 549 sustuleris
778 510 926 560 fragilis
957 510 1125 547 calamos
1157 508 1372 560 silvamque
1403 518 1611 550 sonantem.

303 581 376 623 ΙΙΙ,
412 582 490 618 198
881 586 1029 629 segetes
1061 579 1161 616 altae
1194 581 1395 630 campique
1427 588 1603 620 natantes
1618 580 1657 632 ²),

183 672 224 704 ut
254 667 380 703 omnia
411 664 794 716 comprehendantur,
827 665 1041 702 accumulat
1073 666 1247 701 notiones

288 762 323 799 g.
349 749 422 795 HI,
448 751 523 786 541
565 750 641 785 iam
665 750 779 785 maris
798 749 971 785 immensi
996 748 1139 798 prolem
1161 755 1198 785 et
1218 762 1338 798 genus
1361 763 1471 788 omne
1491 758 1691 792 natantum

188 832 227 868 in
260 830 433 868 Aeneide
464 831 600 867 similis
632 829 802 868 eiusdem
836 832 887 867 rei
921 832 1073 868 iteratio
1106 837 1266 871 tantum,
1299 844 1373 868 nou
1407 833 1605 883 expolitio,
1636 837 1703 872 vix

189 902 394 946 invenitur,
427 900 552 950 qualis
586 906 642 937 est

299 996 334 1032 g.
360 982 528 1032 1V‚472
569 981 723 1019 umbrae
755 981 861 1018 ibant
893 987 1024 1018 tenues
1055 981 1335 1032 simulacraque
1368 982 1451 1020 luce
1473 990 1678 1029 carentum,

189 1077 348 1115 quorum
381 1063 582 1101 verborum
613 1063 734 1100 altera
769 1076 855 1112 pars
887 1062 1065 1099 Lucretio
1099 1061 1270 1107 debetur,
1303 1065 1367 1113 qui
1401 1063 1516 1101 habet
1549 1065 1616 1112 IV,
1650 1068 1700 1104 35

190 1149 267 1172 cum
299 1147 404 1181 saepe
431 1138 574 1182 fiyuras
604 1138 809 1170 conluimur
841 1136 954 1169 miras
984 1135 1249 1180 similam-aque
1280 1136 1354 1170 Ince
1384 1142 1581 1172 carentum.

307 1202 618 1251 Quaerentibus,
662 1215 749 1238 num
791 1203 942 1250 signum
977 1201 1242 1250 Vergilianum
1289 1201 1505 1239 habendum
1550 1205 1621 1251 sit,
1668 1212 1709 1242 ut

192 1272 291 1310 duae
320 1275 494 1310 notiones
527 1272 592 1308 tali
626 1273 773 1308 ratione
806 1273 1095 1319 coniungantur⁷
1127 1271 1369 1308 manifestum
1401 1274 1470 1309 erit
1496 1273 1708 1323 Vergilium

190 1349 228 1380 et
259 1342 476 1393 frequentia
506 1355 634 1379 earum
667 1341 950 1391 copulationum
983 1348 1019 1376 et
1051 1346 1131 1377 arte
1163 1348 1309 1378 ceteros
1341 1355 1530 1392 superare.

305 1411 419 1462 Apud
453 1411 708 1448 Lucretium
751 1410 974 1461 plerumque
1018 1409 1255 1447 abundantia
1287 1410 1366 1447 sola
1401 1414 1584 1449 sermonis
1629 1415 1706 1451 effi-

191 1484 290 1520 citur
341 1480 466 1518 verbis
518 1480 596 1518 fere
649 1482 876 1530 synonymis
919 1480 1169 1517 accumulatis
1222 1494 1505 1532 nonnumquam
1549 1484 1623 1530 ita,
1670 1492 1709 1521 ut

196 1552 314 1590 altera
347 1564 434 1602 pars
466 1563 544 1587 rem
575 1549 691 1588 verbo
724 1549 918 1587 cotidiano
959 1563 1176 1600 expressam
1220 1550 1360 1587 lrabeat
1399 1550 1519 1588 altera
1558 1555 1710 1603 poetico

191 1633 295 1659 more
326 1622 663 1671 circumscriptam,
695 1619 811 1658 velut.
844 1618 944 1670 quod
979 1619 1175 1668 Vergilius
1207 1633 1412 1670 numquam
1445 1620 1624 1666 dixisset,

189 1702 342 1741 Lucret.
365 1701 434 1748 VI,
459 1703 538 1738 405
1343 1745 1347 1749 1
1407 1702 1498 1752 quid
1531 1703 1653 1742 undas

591 1772 718 1819 arguit
749 1776 784 1808 et
807 1769 991 1821 liquidam
1014 1770 1151 1808 molem
1184 1783 1414 1822 camposque
1445 1776 1655 1811 natantes?

342 1840 415 1887 III,
449 1842 529 1878 346
591 1842 772 1878 maternis
803 1842 917 1877 etiam
949 1839 1130 1877 membris
1162 1840 1328 1891 alvoque
1359 1848 1521 1892 reposta,

362 1910 413 1956 ΙΙ,
448 1912 499 1948 60
588 1923 663 1947 non
695 1909 793 1947 radii
824 1909 915 1947 solis
946 1923 1070 1961 neque
1102 1909 1228 1947 lucida
1260 1910 1336 1948 tela
1367 1910 1456 1957 diei,

361 1980 413 2026 Il,
447 1981 527 2017 273
589 1979 737 2016 viribus
769 1979 926 2017 alterius
958 1981 1109 2029 magnis
1139 1993 1356 2031 magnoque
1388 1988 1530 2019 coactu.

359 2048 412 2096 ΙΙ,
449 2051 554 2086 1104
586 2048 767 2098 indiguos
798 2050 912 2099 inque
943 2055 1143 2093 merentes,

341 2118 410 2161 IV,
448 2120 525 2156 158
585 2123 757 2156 texturas
788 2131 912 2155 rerum
945 2120 1068 2156 tenuis
1101 2121 1302 2170 tenuisque
1337 2119 1489 2170 figuras.

367 2188 414 2231 V,
450 2189 556 2225 1239
591 2193 704 2239 atque
737 2194 944 2238 potestates
975 2201 1133 2238 magnas
1163 2191 1354 2240 mirasque
1386 2190 1607 2243 relinquunt

580 2261 619 2297 in
649 2259 766 2297 rebus
798 2261 890 2297 viris
922 2258 1066 2303 divum,

297 2399 330 2441 1)
357 2398 420 2432 ecl.
449 2397 544 2441 VIII,
571 2400 616 2432 94
644 2397 771 2432 verba:
798 2398 865 2432 has
896 2398 1023 2432 herbas
1049 2402 1154 2444 atque
1179 2398 1266 2433 haec
1296 2399 1411 2433 Ponto
1435 2400 1524 2433 mihi
1550 2400 1638 2435 lecta
1663 2411 1716 2435 ve-

198 2467 293 2490 nena
320 2467 533 2500 quamquam
569 2467 690 2491 omnes
717 2457 869 2501 Vergilii
894 2457 1122 2501 interpretes,
1158 2456 1253 2501 quod
1279 2458 1363 2500 scio,
1403 2459 1435 2492 ἓν
1463 2459 1513 2493 διὰ
1540 2459 1629 2493 δυοῖν
1655 2460 1715 2494 ha-

199 2513 284 2548 bere
322 2518 474 2558 putant,
524 2514 679 2550 vesutari
718 2515 884 2550 videntur
932 2515 1113 2560 particula
1158 2515 1440 2552 demonstrativa
1480 2516 1526 2552 ad
1567 2518 1719 2553 alteram

201 2583 342 2616 quoque
369 2577 507 2617 partem
535 2574 713 2618 apposita.
766 2574 928 2609 nimirum
959 2575 1222 2619 Alphesiboeus
1251 2575 1409 2611 ostendit
1436 2575 1507 2611 duo
1526 2577 1719 2612 herbarum

203 2641 344 2675 genera.

298 2691 334 2733 2)
362 2688 458 2724 vides
487 2688 663 2733 quomodo
689 2691 852 2725 Lucretii
876 2690 987 2725 verba
1013 2701 1057 2726 ex
1084 2691 1151 2734 Vl,
1189 2694 1256 2727 405
1294 2694 1474 2728 translata
1500 2704 1566 2728 sua
1590 2692 1719 2728 fecerit

201 2747 254 2782 ita
281 2747 422 2791 quidem
449 2752 499 2790 ut,
527 2747 623 2791 quod
648 2747 709 2782 ille
735 2747 779 2782 de
806 2750 895 2783 mari
921 2748 1022 2790 dixit,
1049 2748 1093 2784 de
1129 2750 1311 2793 segetibus
1344 2750 1562 2787 undantibus
1599 2751 1719 2786 dicens

207 2805 377 2849 optimam
407 2806 595 2850 imaginem
622 2807 804 2850 praebeat.
