1923 3110
919 94 969 129 43

306 210 380 255 111,
415 210 493 246 204
557 221 626 246 ceu
657 212 773 258 pavet
803 205 852 242 ad
884 207 1005 242 crines
1036 209 1073 242 et
1104 205 1228 241 tristia
1261 203 1487 240 Pentheos
1519 216 1583 239 ora

565 277 716 329 Thyias

339 346 389 393 V,
423 349 501 385 ‘219
707 351 863 384 ventum
895 343 945 381 ad
976 344 1093 381 furias
1123 341 1358 393 infandaque
1388 346 1521 378 natae

563 415 717 455 foedera

345 488 389 535 V,
423 489 503 524 643
565 492 622 524 est
651 499 757 523 amor
787 491 825 523 et
855 499 995 523 rerum
1027 486 1175 522 cunctis
1206 484 1326 521 tutela
1357 497 1547 521 suarum.
1571 481 1597 531 ¹)

190 569 301 607 huius
346 570 488 619 figurae
529 573 674 606 tantam
715 567 966 619 frequentiam
999 565 1099 618 apud
1135 566 1332 603 Valerium
1363 568 1559 603 inventam
1590 567 1702 602 mira-

190 640 324 686 bimur,
356 641 386 676 si
420 640 771 690 comparaverimus
803 638 978 689 exempla
1010 639 1217 675 &tatiana
1249 650 1315 687 pro
1348 649 1526 674 versuum
1548 648 1703 673 numero

189 709 307 746 multo
338 710 542 759 pauciora:

179 803 184 807 ⁴
231 789 354 829 Theb.
380 791 424 833 V,
450 792 528 826 522
590 795 726 837 stagna
758 802 826 840 per
856 796 1112 840 arentesque
1145 788 1249 825 lacus
1279 787 1478 838 fontesque
1500 800 1705 837 repressos,

346 860 417 905 IX,
451 863 525 896 621
593 859 667 897 tela
703 873 795 910 puer
824 859 993 896 lacrimis
1025 864 1062 895 et
1093 860 1232 909 prima
1266 870 1357 895 voce
1388 858 1572 907 poposcit.

373 929 418 975 V,
452 931 532 967 330
593 931 647 966 sic
679 928 742 966 ubi
776 928 970 966 ductorem
1004 927 1176 979 trepidae
1207 927 1455 978 stabulique
1486 927 1663 963 maritum

1299 1004 1476 1047 stupuere
1507 997 1705 1035 iuvencae.

330 1068 425 1115 Xll,
460 1071 480 1105 o·
802 1070 978 1119 quamvis
1011 1076 1098 1105 tune
1131 1069 1210 1104 otia
1243 1066 1395 1105 tandem

601 1145 638 1176 ct
671 1140 834 1190 primus
867 1144 951 1189 post
984 1138 1083 1175 bella
1113 1152 1234 1188 sopor.

329 1209 424 1255 ΧΠ,
460 1212 536 1246 286
600 1222 714 1259 saepe
744 1207 866 1257 gradu
898 1220 1010 1245 caeco
1042 1208 1182 1244 ferrum
1216 1207 1473 1257 calcataque
1505 1205 1580 1242 tela

602 1277 827 1315 dissimulat.

192 1349 287 1385 (lum
327 1347 420 1385 haec
466 1344 545 1386 ἀπὸ
588 1351 720 1386 κοινοῦ
761 1347 881 1396 figura
919 1348 1122 1398 praecipue
1164 1344 1265 1397 apud
1299 1343 1510 1393 Vergilium
1543 1356 1628 1380 cum
1660 1356 1705 1380 ea

193 1419 470 1469 compositione
500 1417 713 1464 verborum,
754 1416 801 1454 tle
833 1431 908 1468 qna
940 1419 977 1453 in
1010 1418 1137 1467 capite
1169 1416 1186 1452 l
1219 1416 1452 1465 scripsimus,
1493 1413 1704 1459 cohaereat,

192 1501 239 1526 ex
270 1487 387 1525 simili
418 1489 692 1525 sententiarum
724 1486 972 1530 abundantia,
1005 1486 1052 1524 de
1083 1500 1159 1537 qua
1190 1487 1316 1536 capite
1347 1484 1466 1522 altero
1490 1490 1615 1521 actum
1638 1488 1705 1530 est,

191 1557 267 1594 alia
289 1558 436 1608 species
458 1556 601 1606 figurae
628 1570 663 1595 α.
693 1569 728 1595 κ.
763 1555 902 1594 evadit.
966 1556 1104 1607 ubique
1137 1557 1249 1602 euim,
1283 1554 1419 1605 quibus
1452 1553 1545 1590 locis
1566 1565 1703 1590 nomen

192 1626 358 1678 aliquod,
390 1625 435 1663 ad
471 1625 545 1663 duo
577 1626 695 1663 verba
725 1626 826 1677 quod
860 1628 1036 1677 pertinet,
1068 1625 1177 1663 alteri
1212 1624 1362 1662 demum
1395 1625 1612 1675 appositum
1636 1628 1704 1669 est,

191 1696 233 1733 fit
278 1702 318 1733 ut
366 1695 440 1733 duo
481 1708 526 1733 ea
569 1695 685 1733 verba
728 1697 866 1733 artiore
915 1695 1015 1732 nodo
1056 1697 1154 1732 inter
1185 1707 1224 1731 se
1256 1699 1459 1731 nectantur
1489 1700 1525 1730 et
1557 1692 1635 1730 fere
1666 1690 1705 1730 ἓν

195 1764 259 1804 διὰ
292 1764 399 1804 δυοῖν
430 1765 631 1802 verborum
663 1765 740 1803 fieri
781 1764 895 1802 dieas.
961 1778 1072 1816 quam
1114 1777 1227 1815 saepe
1268 1764 1540 1810 eius‘generis
1582 1762 1704 1809 figura

194 1837 420 1874 coniecturis
452 1842 731 1886 corrumpatur,
779 1850 989 1885 cognoscas
1021 1849 1065 1872 ex
1099 1835 1194 1877 loco,
1227 1833 1274 1871 de
1306 1847 1381 1884 quo
1413 1832 1593 1870 disseruit
1627 1832 1703 1869 Leo

192 1905 214 1942 l.
246 1918 274 1944 s.
307 1919 344 1956 p.
381 1907 454 1943 328:

290 1986 384 2024 Aen.
418 1986 492 2033 III,
527 1988 605 2023 (559
669 1992 802 2023 trum-n,
832 1999 945 2023 manu
979 1988 1090 2037 pinus
1122 1987 1219 2035 regit
1251 1991 1287 2022 et
1318 1986 1482 2033 vestigia
1514 1984 1648 2020 tirmat.

195 2079 306 2118 quem
337 2079 487 2104 versum
519 2069 595 2103 iam
627 2069 839 2117 antiquitus
870 2067 994 2116 figura
1025 2068 1217 2118 privatum
1249 2079 1330 2104 esse
1362 2067 1402 2103 in
1424 2063 1707 2115 exemplaribus

194 2136 348 2188 quidem
382 2139 436 2174 eis
469 2149 564 2187 quae
609 2150 683 2174 non
728 2136 773 2173 ad
819 2136 1016 2186 exemplar
1060 2136 1174 2173 Probi
1220 2137 1459 2185 grammatici
1504 2133 1706 2172 emendata

194 2212 312 2250 erant,
346 2205 457 2243 docet
488 2219 555 2243 nos
588 2206 861 2254 Quintilianus,
903 2208 965 2256 qui
1000 2208 1084 2243 inst.
1117 2219 1167 2242 or.
1204 2206 1312 2252 VIII,
1345 2208 1380 2242 4.
1415 2207 1465 2241 25
1510 2210 1551 2252 ut
1595 2203 1708 2241 abso-

194 2277 311 2313 lutam
344 2278 570 2314 sententiam
619 2276 774 2327 praebet
814 2276 976 2323 artificii,
1028 2276 1074 2313 (le
1121 2290 1194 2327 quo
1241 2278 1332 2325 agit,
1383 2275 1611 2325 exemplum,
1664 2278 1706 2310 ut

195 2346 302 2392 solet,
346 2346 630 2394 Vergiliamnn:
673 2353 804 2383 trunca,
837 2361 984 2383 mmmm
1010 2351 1125 2393 pinus
1156 2350 1256 2393 νει-σᾶ.
1317 2351 1431 2396 atque
1475 2343 1576 2395 apud
1611 2343 1704 2381 Ver-

194 2415 328 2465 gilium
372 2429 456 2452 raro
499 2415 561 2461 fit,
607 2422 649 2453 ut
692 2416 762 2453 hoc
793 2415 905 2453 modo
936 2415 1012 2452 (luo
1046 2415 1160 2453 verba
1192 2416 1270 2453 fere
1301 2428 1517 2466 synonyma
1549 2416 1702 2452 coniun-

195 2490 345 2535 gantur,
377 2485 481 2523 velut

290 2554 381 2601 VII,
415 2556 494 2592 434
556 2556 697 2593 sentiat
727 2560 765 2593 et
794 2554 970 2593 tandem
1002 2556 1199 2593 Turnum
1231 2556 1452 2605 experiatur
1482 2556 1525 2591 in
1557 2555 1701 2591 armi-s.

294 2735 329 2776 l)
356 2733 491 2774 figurae
517 2730 630 2765 forma
660 2732 775 2765 lenior
802 2731 841 2765 lit
867 2732 1091 2766 substantivo
1117 2732 1153 2765 in
1180 2731 1248 2765 fine
1275 2732 1392 2774 posito
1422 2732 1479 2773 VI,
1507 2734 1593 2766 474:

444 2794 477 2826 et
507 2794 618 2828 metus
646 2795 679 2825 et
708 2790 851 2827 demens
879 2791 1048 2826 alieni
1075 2801 1161 2826 cura
1188 2790 1387 2836 pericli.
